1964 3184
835 226 1102 266 -30—

193 331 373 374 dulcem‘
411 336 455 375 01
495 333 634 376 Schol.
671 333 715 374 in
752 332 916 374 Gallim.
956 331 1007 373 H.
1043 331 1086 372 in
1127 330 1253 372 Dian.
1299 331 1385 372 190.
1459 328 1740 384 Βριτόμαρτις

193 394 326 449 ὄνομα
364 397 504 451 κύριον
531 401 604 452 τῆς
634 397 818 453 νύμφης,
858 397 934 452 ἀφ’
964 388 1011 450 ἧς
1036 397 1101 437 καὶ
1124 393 1311 450 Ἄρτεμις
1339 397 1380 436 ἐν
1408 394 1557 452 Κρήτῃ
1588 394 1740 449 Βριτό-

192 482 344 518 μαρτις
376 469 543 519 τιμᾶται
573 465 630 514 aig
658 463 931 519 Διογενιανός.
990 466 1186 509 Formam
1221 465 1365 519 βρίτος
1400 478 1428 508 a
1462 477 1544 520 quo
1572 464 1742 521 proprie

197 531 476 588 Βριτόμαρτις
492 535 720 587 derivatur,
742 533 915 577 exhibet
935 534 1015 576 EM
1028 534 1121 587 214,
1139 534 1191 573 29
1213 532 1376 587 βρίτον·
1398 530 1571 586 ἀγαθόν.
1613 533 1743 575 Recte

195 606 240 644 ut
269 602 437 645 videtur
463 600 609 655 βριτύς
639 602 707 645 vel
735 602 879 656 βρίτος
909 602 965 645 ad
991 604 1085 653 βλιτ
1115 601 1301 644 radicem
1329 601 1523 655 refertur,
1564 600 1675 644 unde
1701 603 1744 644 et

192 669 347 720 βλίττω
379 676 421 712 01
448 669 539 721 μέλι
568 669 845 713 deducuntur.

948 740 991 781 Ι“.
1314 771 1316 773 .

301 802 548 857 γάρσανα·
591 805 793 859 φρύγανα.
835 808 1010 860 Κρῆτες.
1048 806 1231 860 Hesych.
1310 805 1440 848 Recte
1480 805 1517 848 Si
1558 803 1743 858 γάρσανα

194 871 402 925 scribitur,
431 871 611 915 fortasse
638 887 732 916 cum
761 872 906 927 γέρρον
931 873 1137 916 vocabulo
1167 872 1311 927 glossa
1330 875 1513 927 cognata
1533 875 1607 915 est.
1657 871 1743 915 Sed

194 938 282 981 veri
325 938 506 982 similius
544 944 610 983 est
637 939 823 995 τάρσανα
850 945 1013 983 mutare
1042 954 1136 983 cum
1167 939 1381 983 Lobeckio
1411 940 1551 993 (Proll.
1585 954 1622 995 p.
1645 942 1745 993 175),

194 1019 374 1061 quocum
407 1013 645 1063 congruunt
673 1014 715 1052 01
752 1006 907 1061 ταρσός
948 1013 991 1051 01
1028 1007 1225 1062 τέρσομαι
1268 1011 1311 1050 01
1347 1007 1551 1063 Hesychii
1602 1007 1745 1063 glossa

194 1071 446 1127 τραύσανον·
482 1077 605 1128 ξηρὸν
633 1078 713 1116 πᾶν
740 1073 765 1129 ἢ
797 1074 1017 1131 φρύγανον.

302 1139 566 1196 γάστριον·
605 1143 746 1196 πέμμα
777 1144 1021 1197 σησαμῶδες
1061 1142 1172 1195 παρὰ
1210 1142 1383 1195 Κρησίν.
1412 1142 1594 1198 Hesych.
1652 1143 1744 1186 ΕΜ.

194 1211 285 1264 221,
316 1213 377 1250 45.
436 1211 617 1254 Bekker.
646 1212 805 1255 Anecd.
835 1226 875 1267 p.
892 1214 981 1252 230.
1014 1212 1040 1252 l.
1061 1213 1119 1252 19.
1177 1210 1244 1252 Ad
1272 1208 1426 1264 γαστήρ
1452 1211 1604 1253 referre
1631 1211 1747 1266 glos—

194 1290 285 1320 sam
315 1278 472 1333 malim‚
501 1292 627 1334 quam
655 1279 927 1323 Voretzschio
956 1278 1166 1331 assentiri,
1196 1277 1268 1333 qui
1296 1291 1371 1332 pro
1395 1277 1628 1331 Εαὸ-τριον
1653 1291 1747 1321 eam

196 1344 353 1387 dictam
382 1359 476 1389 esse
509 1351 642 1402 putat.

307 1411 585 1465 Γελχάνός.
623 1414 647 1455 o‘
677 1415 782 1462 Ζεὺς
818 1415 929 1468 παρὰ
963 1413 1134 1467 Κρησίν.
1170 1413 1350 1468 Hesych.
1411 1410 1614 1464 Γελχάνος
1644 1413 1747 1469 legi-

195 1484 264 1522 tur
290 1480 420 1523 etiam
450 1481 494 1524 in
523 1496 693 1527 nummo
723 1483 768 1525 in
786 1483 892 1525 Bull.
924 1482 1020 1524 dell’
1050 1482 1147 1524 inst.
1178 1480 1291 1524 arch.
1324 1481 1433 1522 1841.
1461 1494 1500 1536 p.
1518 1483 1563 1523 61
1597 1484 1747 1537 01174,

196 1552 242 1591 111
269 1548 480 1592 dubitatio
508 1550 582 1593 vix
611 1551 871 1607 relinquatur
899 1550 1001 1605 quin
1027 1565 1052 1604 y
1073 1552 1232 1592 rectum
1261 1548 1328 1591 sit.
1386 1548 1510 1601 Quod
1533 1552 1674 1592 tamen
1702 1550 1748 1593 in

198 1616 417 1671 digamma
451 1619 747 1662 Voretzschius
784 1619 964 1661 mutavit
1001 1632 1170 1661 nummo
1210 1617 1410 1660 Phaestio
1440 1617 1655 1672 adhibito,
1704 1619 1749 1661 in

198 1696 281 1738 quo
312 1684 473 1737 Εελχαν
502 1686 655 1742 legitur
686 1687 821 1743 (apud
847 1686 1048 1730 Mionnet.
1076 1686 1129 1728 II.
1160 1699 1201 1741 p.
1232 1685 1343 1739 289).
1403 1685 1575 1740 Ambigi
1607 1689 1748 1730 tamen
1793 1728 1795 1731 ,

199 1755 358 1806 potest,
401 1767 500 1795 num
528 1755 643 1797 idem
670 1755 922 1798 vocabulum
950 1755 1015 1796 sit.
1092 1754 1139 1796 Si
1174 1753 1288 1796 idem
1322 1757 1387 1796 est
1415 1753 1750 1797 convincendum

199 1819 281 1861 erit
308 1820 483 1864 alterius
511 1823 669 1864 nummi
700 1822 1019 1877 inscriptionem
1048 1821 1156 1864 falso
1185 1821 1337 1863 lectam
1358 1833 1463 1863 esse.
1511 1835 1535 1873 y
1564 1821 1677 1863 enim
1705 1821 1749 1863 in

199 1886 246 1927 F
270 1900 354 1930 non
384 1889 564 1932 transire
594 1891 786 1934 arbitror.

311 1956 351 1994 Γ
352 1954 698 2007 εραιστιάδες·
743 1952 853 1998 οὕτω
884 1954 1042 2011 νύμφαι
1081 1953 1324 2008 καλούμεναι
1367 1956 1408 1996 ἐν
1448 1955 1635 2014 Γορτύνῃ
1677 1961 1750 2014 τῆς

200 2019 384 2076 Κρήτης.
440 2024 618 2069 Phavor.
647 2040 688 2082 p.
724 2028 808 2068 173.
1498 2016 1503 2022 ’

307 2090 566 2144 γεροίταν·
596 2090 774 2134 πάππον.
806 2094 990 2147 ξΚρῆτες.
1019 2093 1202 2148 Hesych.
1230 2092 1414 2146 γεροίτας
1442 2097 1587 2137 natum
1615 2099 1679 2138 est
1698 2109 1751 2139 ex

199 2154 392 2210 γερόντας
431 2159 502 2211 (cf.
526 2161 745 2214 γεροντιάς·
781 2158 959 2208 πάππος.
988 2161 1171 2215 Hesych.
1217 2161 1356 2204 Schol.
1386 2161 1444 2204 ad
1472 2163 1593 2205 Hom.
1622 2164 1670 2205 Il.
1700 2162 1751 2208 Ξ.

205 2226 292 2267 118.
348 2226 543 2270 Eustath.
574 2230 668 2283 971,
694 2229 766 2283 23)
797 2227 1074 2284 productione
1102 2227 1375 2284 suppletoria.
1441 2228 1506 2272 De
1534 2229 1653 2273 ouius
1680 2243 1751 2286 ge-

200 2294 373 2337 neribus
403 2295 448 2338 in
476 2296 647 2340 Cretica
674 2297 860 2340 dialecto
889 2297 1025 2340 solitis
1052 2310 1091 2340 v.
1122 2310 1173 2352 ps
1195 2298 1254 2338 17.

309 2363 549 2416 γερωχία·
577 2364 762 2419 γεροντία
788 2364 905 2419 παρὰ
922 2361 1104 2406 Λάκωσι
1133 2363 1197 2404 καὶ
1232 2364 1398 2418 Κρησίν.
1428 2365 1613 2422 Hesych.
1654 2367 1753 2410 Non

202 2444 230 2472 a
268 2431 461 2485 γερουσία
499 2432 781 2476 derivandum
813 2437 900 2488 est,
947 2433 1061 2489 quod
1095 2433 1222 2476 solita
1247 2433 1489 2477 Laconibus
1522 2435 1755 2479 mutatione

200 2497 348 2553 γερωὶα
375 2504 420 2543 01
443 2500 544 2545 inde
563 2501 798 2545 horridiore
825 2501 1000 2557 spiritus
1024 2501 1367 2556 pronuntiatione
1396 2502 1573 2556 γερωχία
1596 2502 1755 2547 factum

202 2566 270 2607 sit.
326 2581 354 2606 σ
381 2571 525 2610 autem
553 2568 597 2611 in
627 2569 824 2624 spiritum
851 2582 1051 2624 asperum
1079 2569 1230 2610 mutati
1259 2569 1420 2611 nullum
1447 2570 1564 2625 apud
1585 2571 1756 2614 Creten-

203 2647 272 2678 ses
300 2636 541 2693 exemplum
567 2641 720 2693 exstat,
748 2641 795 2681 ut
823 2640 935 2682 certe
951 2636 1163 2681 Creticum
1188 2636 1440 2680 vocabulum
1460 2637 1610 2682 eodem
1628 2637 1755 2683 modo

204 2707 351 2745 natum
387 2715 481 2747 esse
518 2718 603 2747 non
673 2706 792 2748 ossit.
847 2706 938 2748 Imo
966 2718 994 2747 a
1018 2703 1137 2758 γέρας
1171 2709 1214 2747 01
1244 2703 1326 2757 ἔχω
1354 2705 1650 2750 deducendum
1678 2710 1756 2760 est,

167 2783 187 2799 0
204 2769 251 2813 id
290 2771 403 2825 quod
443 2719 713 2817 consu-magur
748 2773 955 2831 Hesychii
996 2772 1140 2828 glossa
1182 2776 1452 2828 γηρουχεῖται·
1496 2771 1577 2814 ὑπο
1618 2768 1756 2827 γήρως

205 2835 357 2889 ὀχεῖται
386 2835 411 2891 ἢ
438 2839 557 2893 γέρας
586 2843 662 2895 τῆς
691 2840 825 2896 ἀρχῆς
853 2840 943 2894 ἔχει.

316 2907 381 2946 1’λ
392 2921 418 2946 α
426 2906 530 2960 μία·
575 2905 699 2970 πόλις.
731 2909 907 2964 Κρῆτες.
946 2909 1128 2965 Hesych.
1198 2909 1393 2953 Musurus
1431 2907 1611 2953 fortasse
1643 2912 1756 2955 recte
