1964 3184
862 210 1127 248 —14-

227 317 365 359 simile
412 319 476 358 est
523 314 659 367 δοκοίη
706 314 750 356 111
785 314 1038 370 Argivorum
1083 313 1251 357 foedere
1295 328 1389 358 cum
1425 314 1774 372 Lacedaemoniis

226 385 331 427 inito
361 384 507 436 (Thuc.
537 383 586 425 V.
618 384 698 433 79).
734 410 780 414 —
836 383 1010 425 Aeolico
1046 397 1161 425 more
1199 384 1402 426 nonnulla
1439 384 1644 427 adverbia
1677 385 1773 428 Cre-

226 452 311 494 tica
348 450 439 502 (sed
468 451 510 491 in
541 450 839 504 Gortyniorum
873 454 915 492 et
946 451 1336 506 Hierapytniorum
1357 451 1648 493 tantummodo
1685 451 1774 493 dia-

225 518 362 569 lectis)
391 518 435 559 in
465 533 503 556 υι
532 521 697 559 exeunt.
735 543 781 547 ——
842 518 1011 561 Deinde
1048 518 1218 561 dativus
1252 518 1429 573 pluralis
1466 519 1616 562 tertiae
1646 519 1773 563 decli-

226 585 410 626 nationis
449 584 578 626 semel
622 584 679 626 ad
718 599 876 628 morem
905 586 1174 628 Doriensium
1209 585 1601 640 septentrionalium
1632 587 1676 628 in
1713 600 1773 633 οις

225 652 312 695 exit
351 652 394 694 in
431 652 638 696 vocabulo
676 652 854 705 λιμένοις
890 653 1003 708 (111οᾶ
1038 653 1190 708 legitur
1226 653 1270 695 in
1299 653 1401 697 Rev.
1427 653 1537 697 arch.
1574 654 1687 696 1864.
1717 655 1772 697 H.

224 734 263 776 p.
298 722 320 759 'a'
325 722 358 760 6.
389 720 413 761 l.
445 725 479 760 4.
538 720 679 763 Unum
713 721 897 776 denique
924 722 1162 777 exemplum
1200 725 1330 763 restat
1357 725 1571 764 mutuatae
1599 735 1627 764 a
1654 735 1772 778 pere-

225 788 360 843 grinis
388 788 561 842 formae,
588 789 888 832 contractionis
917 789 1012 831 dico
1033 804 1049 829 ε
1078 792 1120 831 et
1140 804 1160 829 ο
1191 789 1401 832 vocalium
1421 790 1465 832 in
1487 804 1529 830 ευ
1548 789 1771 846 diphthon-

222 868 321 910 gum
349 855 688 898 coalescentium.
746 857 883 908 Quam
912 870 1011 900 vere
1039 856 1239 899 Doricam
1273 870 1357 900 non
1386 870 1479 900 esse
1516 871 1566 901 eo
1595 862 1774 914 apparet

221 923 333 978 quod
361 936 569 978 nusquam
586 928 659 965 aut
677 925 722 965 in
740 924 1044 967 recentissimis
1061 924 1185 967 huius
1205 924 1378 968 dialecti
1399 925 1532 968 titulis
1548 925 1770 968 invenitur.

221 991 276 1033 Et
313 1004 367 1033 ne
402 992 447 1033 in
484 992 652 1035 Cretica
688 991 859 1046 quidem
894 992 1042 1047 lingua
1081 992 1220 1046 magis
1255 993 1413 1035 usitata
1448 992 1537 1035 fuit.
1592 993 1774 1037 Obviam

222 1058 334 1101 enim
369 1058 474 1101 fiunt
502 1056 747 1113 Ἐπιφάνευς
782 1060 899 1111 (Rev.
931 1059 1042 1101 arch.
1076 1060 1190 1102 1867.
1220 1059 1252 1101 Ι.
1282 1073 1322 1114 p.
1352 1061 1442 1102 422.
1474 1061 1497 1102 l.
1534 1062 1597 1115 1),
1639 1061 1774 1101 Κλευ-

220 1125 362 1178 perarida
393 1126 438 1169 C.
456 1127 489 1168 I.
510 1127 629 1181 2573,
658 1129 695 1169 5.
725 1128 844 1181 2574,
873 1129 910 1170 5.
941 1128 1059 1181 2573,
1090 1128 1125 1168 3.
1180 1127 1458 1179 Κλευμενίὸου
1479 1128 1595 1184 apud
1616 1129 1773 1184 Spratt.

223 1193 306 1235 tab.
340 1194 379 1246 Ι,
417 1195 453 1234 9.
494 1194 519 1235 l.
558 1196 614 1234 12.
653 1194 746 1244 (sed
776 1194 1061 1245 Κλουμενίόας
1099 1195 1142 1235 111
1182 1208 1350 1236 111111111ιο
1387 1195 1668 1250 Hierapytnio
1704 1209 1771 1250 ap.

221 1260 378 1304 Mionn.
413 1261 464 1302 11.
494 1275 534 1316 p.
566 1262 645 1301 283
685 1274 724 1302 n.
760 1262 882 1314 206),
921 1274 1031 1315 quae
1069 1262 1213 1304 omnia
1248 1261 1443 1317 exempla
1481 1263 1772 1305 recentissima

223 1331 329 1370 sunt.
383 1327 595 1371 Addenda
623 1332 721 1371 sunt
749 1326 972 1382 εὐορκεῢντι
1003 1329 1048 1371 111
1066 1329 1150 1371 Mn.
1168 1329 1200 1370 I.
1232 1329 1283 1370 89
1312 1329 1403 1384 (ubi
1431 1329 1772 1374 Steinbfichelius

221 1397 357 1435 -οὗντι
387 1395 510 1450 legit)
550 1400 592 1439 et
629 1394 842 1448 τελεύμενα
880 1397 927 1438 111
967 1397 1157 1439 eiusdem
1195 1397 1307 1440 tituli
1344 1397 1368 1438 l.
1400 1399 1474 1452 713
1512 1411 1621 1452 quae
1645 1412 1772 1453 quam

224 1463 385 1505 incerta
423 1463 508 1505 sint
544 1464 588 1505 in
621 1464 701 1506 hoc
737 1464 858 1507 titulo
895 1477 1018 1507 nemo
1056 1465 1234 1519 ignorat.
1294 1465 1433 1508 Unum
1456 1465 1580 1508 huius
1610 1471 1772 1509 contra-

228 1530 380 1572 ctionis
408 1530 703 1573 documentum
730 1535 863 1573 restat
890 1531 1127 1585 antiquiore
1144 1535 1332 1585 tempore
1353 1532 1543 1589 νευμηνίᾳ
1562 1532 1607 1574 111
1624 1533 1773 1588 lingua

221 1596 435 1639 Arcadum
459 1598 644 1655 omnium
668 1598 852 1640 maxime
881 1598 1106 1640 formarum
1132 1598 1340 1641 varietate
1366 1599 1613 1653 perturbata
1642 1600 1706 1654 (G.
1738 1601 1769 1643 I.

223 1664 342 1715 3052,
373 1664 443 1717 2.).
501 1664 550 1705 ln
582 1677 664 1718 quo
681 1669 991 1720 peropportune
1011 1665 1180 1719 accidit,
1208 1665 1321 1719 quod
1336 1665 1509 1708 Proclus
1525 1666 1570 1708 in
1584 1666 1771 1709 Bekkeri

221 1729 382 1772 Anecd.
421 1743 461 1785 p.
502 1732 604 1772 1164
646 1731 868 1775 Cretenses
907 1733 1095 1785 νεομηνία
1131 1732 1291 1775 dixisse
1327 1732 1463 1775 refert.
1546 1733 1686 1786 Quare
1725 1735 1771 1777 in

222 1797 390 1840 Cretica
429 1811 595 1853 quoque
636 1798 819 1843 dialecto
861 1801 966 1843 haec
1010 1800 1240 1843 contractio
1284 1800 1375 1842 sive
1417 1800 1638 1844 Rhodiaca
1679 1802 1771 1844 sive

222 1864 460 1919 Cyrenaica
513 1866 597 1909 nisi
651 1867 875 1922 postremis
932 1868 1192 1923 temporibus
1243 1880 1328 1910 non
1384 1868 1617 1911 invaluisse
1664 1868 1772 1911 iudi-

219 1932 359 1974 canda
399 1937 475 1976 est.

332 2000 414 2043 Hic
441 2000 659 2043 afferenda
686 2005 808 2045 erant
839 2016 892 2045 ea
919 2016 1029 2056 quae
1054 2003 1319 2046 Cretensium
1347 2002 1530 2045 dialecto
1556 2016 1651 2046 cum
1678 2004 1770 2046 bar-

220 2068 335 2110 baris
383 2069 622 2111 communia
667 2073 774 2112 sunt.
832 2070 927 2122 Qua
968 2071 1013 2112 in
1051 2083 1096 2113 re
1133 2083 1228 2113 cum
1263 2083 1357 2112 11160
1395 2069 1553 2113 iudicio
1589 2070 1651 2112 uti
1686 2064 1771 2114 non

219 2136 400 2190 possim,
432 2136 507 2178 illa
536 2140 727 2192 repetam
756 2150 865 2191 quae
894 2137 950 2179 ad
973 2138 1133 2192 Lyciae
1161 2138 1334 2192 linguae
1360 2136 1680 2179 similitudinem
1702 2138 1771 2180 vel

219 2203 517 2257 cognationem
556 2203 779 2246 referenda
815 2217 908 2246 esse
935 2204 991 2246 M.
1022 2204 1280 2247 Schmidtius
1316 2204 1543 2246 existimat.
1598 2203 1681 2256 Qui
1709 2207 1771 2256 (111

217 2269 381 2312 Kuhnii
410 2270 516 2312 diar.
537 2271 635 2313 XII.
664 2284 705 2327 p.
727 2272 825 2325 214)
856 2286 907 2311 οπ
936 2285 1012 2326 pro
1045 2275 1101 2323 αβ
1130 2269 1345 2325 (ἀβλοπές
1374 2269 1564 2323 ἀβλαβές.
1593 2272 1767 2325 Κρῆτες.

217 2338 417 2393 Hesych.)
444 2342 486 2381 et
514 2354 540 2378 α
568 2352 646 2394 pro
677 2354 698 2379 ο
728 2334 935 2393 (ἄνωρον
964 2335 1129 2393 ὄνειρον.
1162 2340 1334 2393 Κρῆτες.
1364 2339 1585 2396 Hesych.),
1622 2354 1646 2393 ρ
1671 2343 1769 2394 post

219 2405 365 2447 literas
384 2404 578 2448 dentales
595 2406 853 2448 inculcatum
867 2405 972 2459 (19⁶¹-
995 2405 1051 2445 σε’.
1075 2404 1248 2459 Κρῆτές.
1269 2406 1472 2461 Hesych.)
1492 2406 1536 2447 in
1546 2406 1771 2461 Lyciorum
1838 2402 1841 2404 ’

220 2485 385 2527 quoque
433 2473 582 2528 lingua
624 2473 809 2517 inveniri
855 2473 1082 2517 contendit.
1168 2473 1279 2516 Nam
1332 2474 1376 2516 in
1426 2473 1505 2516 hoc
1561 2472 1770 2516 assentior

215 2540 473 2595 Schmidtio‚
510 2557 534 2595 ρ
562 2555 647 2585 11011
673 2532 799 2584 ex'F
830 2546 966 2584 ortum
1000 2554 1093 2584 esse
1129 2546 1175 2584 ut
1211 2554 1265 2584 ex
1303 2541 1427 2584 litera
1463 2540 1588 2583 valde
1624 2540 1768 2583 aliena

216 2607 400 2658 (Ahrens
430 2608 471 2650 d.
504 2608 545 2651 d.
570 2609 621 2652 D.
650 2622 689 2663 p.
705 2611 796 2663 51),
826 2609 1077 2663 praesertim
1105 2622 1199 2652 cum
1226 2608 1455 2652 nonnullae
1468 2608 1580 2651 aliae
1596 2607 1766 2662 glossae

214 2674 294 2716 hoc
320 2689 343 2725 ρ
372 2675 574 2718 insertum
603 2675 792 2719 habeant
821 2676 1082 2730 digammate
1113 2689 1199 2719 non
1228 2676 1345 2720 eliso.
