1964 3184
880 187 932 193 —
987 164 1012 203 5
1069 186 1120 191 -.

230 272 523 323 Παντανὸρίὸα
564 285 632 324 ap.
661 272 818 325 Spratt.
847 272 888 322 I,
914 274 952 323 5,
980 272 1016 311 7.
1073 270 1172 312 Alia
1210 270 1365 311 veteris
1393 269 1566 310 Doridis
1594 267 1777 320 vestigia

231 338 337 381 haec
359 339 646 382 inveniuntur:
680 334 892 391 ιῖνκλάριον
913 338 957 380 C.
987 338 1016 380 1.
1035 339 1152 385 2562.
1189 339 1246 392 13,
1280 333 1503 390 πρήγιστος
1523 335 1569 379 C.
1594 335 1625 376 Ι.
1659 335 1779 387 2562,

228 407 293 459 23,
315 406 582 451 Απελλίωνος
612 406 657 447 C.
680 406 708 445 l.
737 406 855 457 2562,
884 407 955 457 34,
984 402 1300 458 οἷνὸροβάμονας
1328 405 1373 447 C.
1394 405 1424 445 I.
1442 406 1569 456 2570,
1599 403 1777 449 Βαναξι-

227 470 385 524 βούλου
415 473 460 515 C.
492 472 524 514 Ι.
561 473 687 526 2572,
724 468 977 524 θεαροδόκος
1013 472 1056 513 in
1093 472 1213 514 titulo
1245 472 1481 527 Elyriorum
1520 469 1636 526 apud
1667 468 1775 511 The-

226 553 379 582 nonem
406 540 452 580 in
479 540 582 581 Rev.
610 539 724 581 arch.
757 539 869 581 1866.
898 539 952 591 ΙΙ,
981 553 1021 593 p.
1051 540 1141 580 398.

336 606 422 650 Sed
451 619 534 649 non
564 606 698 649 solum
725 609 981 661 temporum,
1020 605 1096 648 sed
1124 606 1270 658 etiam,
1295 606 1350 660 >id
1379 605 1492 660 quod
1529 605 1614 647 iam
1645 617 1775 659 supra

229 675 415 717 breviter
443 674 580 729 attigi,
609 674 793 717 locorum
821 687 979 728 magna
1005 673 1251 716 discrimina
1276 678 1384 716 sunt.
1442 674 1553 715 Nam
1581 686 1675 715 cum
1689 685 1773 714 non

226 742 288 783 ita
314 742 510 795 frequens
540 741 649 783 inter
678 742 802 783 urbes
830 741 1018 784 Creticas
1045 741 1321 783 intercederet
1352 740 1659 793 commercium,
1688 740 1772 781 imo

226 809 381 863 ubique
422 808 532 851 inter
577 808 739 853 vicinos
785 813 928 852 essent
968 808 1246 863 gravissimae
1290 808 1560 865 inimicitiae,
1615 807 1773 849 multae

225 876 408 930 denique
434 876 559 918 urbes
588 876 670 918 loci
698 878 850 917 natura
880 889 907 916 a
935 876 1085 918 ceteris
1106 889 1243 931 paene
1261 874 1593 927 excluderentur,
1622 874 1774 916 mirum

226 957 319 987 esse
349 957 434 985 non
464 943 612 997 debet,
651 943 764 997 quod
801 943 1092 985 nonnullorum
1134 943 1384 999 oppidorum
1419 943 1565 996 lingua
1592 942 1661 984 vel
1690 941 1773 984 sin-

226 1010 393 1065 gularia
417 1001 625 1064 quaedam
656 1010 806 1052 habuit
836 1011 903 1052 vel
932 1024 958 1051 a
984 1011 1191 1052 communi
1221 1010 1412 1052 Creticae
1437 1010 1610 1064 linguae
1639 1009 1774 1051 forma

226 1078 355 1120 etiam
379 1078 545 1133 longius
574 1077 761 1121 recessit.
818 1078 903 1121 Sed
930 1078 974 1120 in
999 1082 1117 1120 tanta
1140 1078 1353 1121 titulorum
1375 1077 1621 1133 praesertim
1646 1076 1774 1132 paulo

226 1145 505 1199 antiquiorum
530 1146 744 1200 paucitate
765 1146 949 1199 vestigia
963 1145 1250 1187 tantummodo
1264 1145 1470 1186 eiusmodi
1485 1145 1774 1187 discriminum

228 1213 515 1267 inveniuntur,
556 1226 664 1267 quae
705 1216 846 1257 tamen
883 1213 939 1255 ad
980 1226 1068 1255 rem
1110 1212 1372 1268 probandam
1416 1212 1639 1255 sufficiunt.
1722 1211 1778 1254 Et

229 1281 410 1335 primum
447 1280 618 1333 quidem
654 1281 861 1322 vocabula
896 1281 1098 1322 nonnulla
1137 1281 1310 1335 propria
1349 1281 1479 1322 fuisse
1519 1280 1587 1322 vel
1627 1280 1777 1334 Gorty-

225 1347 388 1390 niorum
411 1347 479 1389 vel
496 1347 862 1403 Polyrrheniorum
887 1347 954 1389 vel
971 1347 1300 1403 Cydoniatarum
1319 1348 1385 1390 vel
1401 1346 1774 1402 Hierapytniorum

226 1415 294 1456 vel
324 1414 570 1456 Gnosiorum
598 1415 684 1456 iam
718 1415 1116 1469 glossographorum
1145 1415 1314 1468 lexicis,
1352 1414 1555 1470 Hesychii
1591 1414 1774 1455 maxime

226 1481 331 1523 satis
361 1485 539 1523 constat.
596 1481 722 1524 Libet
755 1481 836 1524 huc
875 1481 1031 1524 addere
1066 1482 1283 1536 exempla,
1319 1495 1428 1536 quae
1457 1482 1613 1523 inveni.
1672 1481 1773 1524 Gor-

226 1548 356 1603 tyniis
384 1548 697 1591 adscribuntur:
728 1546 891 1595 Ἑόάς·
935 1545 1066 1600 ὄνομα
1100 1551 1174 1588 τοῦ
1204 1548 1358 1602 Ἑρμοῦ
1397 1549 1508 1601 παρὰ
1539 1548 1775 1600 Γορτυνίοις

225 1615 402 1657 Phavor.
431 1631 471 1672 p.
504 1618 595 1658 231.
651 1613 1057 1668 Ἑκατόμβαιος·
1096 1614 1118 1655 ὁ
1147 1613 1359 1656 Ἀπόλλων
1395 1616 1505 1667 παρὰ
1537 1614 1774 1668 Ἀθηναίοις

223 1683 286 1722 καὶ
329 1684 433 1730 Ζεύς
481 1683 522 1723 ἓν
568 1681 756 1739 Γορτύνῃ
808 1685 872 1724 καὶ
913 1682 1009 1737 παρ’
1050 1681 1218 1738 Ἀρκάσι
1263 1684 1326 1724 καὶ
1372 1684 1547 1738 Κρησίν.
1591 1684 1773 1739 Hesych.

224 1750 441 1803 πρυλέες
469 1765 507 1792 v.
538 1751 676 1794 Schol.
712 1752 756 1793 in
785 1752 906 1794 Hom.
945 1753 992 1794 Il.
1030 1753 1082 1791 A
1111 1754 1173 1794 49.
1231 1754 1358 1804 συκῆ
1387 1766 1426 1794 v.
1457 1752 1640 1807 Hesych.
1671 1765 1703 1794 s.
1734 1766 1771 1794 v.

222 1815 347 1871 κάρα·
377 1816 442 1866 αἲξ
468 1814 626 1871 ἥμερος.
684 1819 983 1873 Πολυρρήνιοι·
1013 1818 1092 1859 ὑπὸ
1118 1819 1353 1873 Γορτυνίων
1372 1815 1520 1871 [ἄλλοι]
1545 1818 1587 1859 δὲ
1613 1818 1638 1872 ἡ
1660 1822 1771 1872 συκῆ.

222 1883 404 1937 χόννοι
438 1886 554 1939 ’παρὰ
587 1887 824 1936 Γορτυνίοις
854 1887 1050 1938 ποτηρίου
1078 1883 1203 1935 εἶ’ὸός,
1248 1882 1392 1937 ὅμοιον
1424 1887 1642 1942 Θηρικλείῳ
1668 1885 1772 1938 χάλ-

223 1968 321 1994 κεον.
348 1949 371 1992 ὃ
403 1952 598 1993 δίδοσθαι
625 1955 685 2009 τῷ
709 1952 965 2007 ἁρπασθέντι
998 1952 1076 1993 ὑπὸ
1107 1955 1181 1993 τοῦ
1211 1953 1385 2006 ἐραστοῦ
1414 1969 1540 2008 φησιν
1554 1953 1771 2007 Ἑρμῶναξ

223 2020 374 2062 Athen.
414 2021 490 2071 XI,
538 2034 578 2075 p.
606 2023 696 2064 502.
726 2022 785 2075 b.;
834 2021 940 2063 haec
977 2021 1283 2075 Polyrrheniis:
1327 2018 1572 2072 ἄμαλλος·
1618 2021 1770 2075 πέρδιξ.

225 2084 505 2142 Πολυρρήνιοι
534 2088 715 2144 Hesych.
770 2085 926 2141 κάρα·
966 2088 1031 2137 α’ἰξ
1059 2084 1220 2142 ἥμερος.
1278 2086 1557 2142 Πολυρρήνιοι
1588 2089 1771 2145 Hesych.

223 2153 411 2207 κόμβα·
443 2153 614 2208 κορώνη.
668 2153 949 2210 ῙΙολυρρήνιοι
976 2157 1158 2211 Hesych.
1217 2154 1398 2196 λάττα·
1430 2162 1543 2208 μυῖα.
1599 2158 1770 2210 Πολυρ-

223 2220 354 2275 ρήνιοι
382 2222 563 2277 Hesyeh.
621 2222 824 2276 σέρτης·
850 2222 1027 2277 γέρανος.
1059 2222 1338 2278 Πολυρρήνιοι
1367 2224 1563 2280 Hesyeh„
1592 2224 1769 2267 tortasse

223 2290 352 2332 etiam
392 2289 428 2332 si
471 2290 682 2345 Guyetum
728 2291 940 2345 sequimur
981 2292 1345 2344 Polyrrheniorum
1388 2292 1530 2346 glossa
1570 2292 1682 2335 inest
1726 2292 1770 2333 in

221 2357 422 2412 Hesychii
441 2357 599 2401 verbis:
630 2357 751 2407 σύας·
783 2355 892 2399 κύων
916 2374 979 2406 τις
1002 2356 1268 2413 πολύρρηνος,
1296 2360 1368 2402 ubi
1380 2360 1571 2415 Gugetus
1591 2360 1771 2404 coniecit

223 2425 545 2478 Πολυρρηνιόις,·
593 2425 926 2480 Cydoniatarum
964 2427 1179 2482 proprium
1214 2427 1293 2469 fuit
1326 2427 1542 2480 βούτης·
1583 2426 1770 2481 ὀρίγανος

222 2491 302 2533 ὑπὸ
342 2494 426 2532 τῶν
462 2493 748 2533 Κυδωνιατῶν
774 2494 980 2549 Hesych.;
1028 2495 1400 2551 Hierapytniorum
1443 2495 1650 2547 αἵμνιον
1694 2510 1770 2552 pro

223 2557 370 2613 ἄμνιον
399 2560 537 2603 Schol.
568 2561 612 2601 in
641 2561 762 2603 Hom.
793 2562 871 2605 Od.
902 2578 926 2615 y
959 2564 1035 2603 444
1065 2577 1104 2604 v.
1126 2577 1167 2617 p.
1196 2566 1241 2612 1,·
1272 2563 1517 2606 Gnosiorum
1538 2559 1770 2604 Ἄνθεια·

223 2625 503 2683 ἦΆφροδίτη
537 2628 650 2681 παρὰ
685 2629 922 2677 Κνωσσίοις
963 2629 1095 2672 Phav.
1134 2644 1174 2686 p.
1215 2631 1276 2674 87.
1339 2629 1506 2673 Deinde
1551 2644 1578 2673 a
1623 2632 1771 2687 primis

223 2696 310 2739 fere
338 2696 510 2750 linguae
540 2696 732 2739 Creticae
764 2697 898 2741 initiis
927 2699 1152 2742 formarum
1178 2699 1441 2753 quarundam
1469 2698 1772 2743 dissimilitudo

221 2764 351 2807 fuisse
378 2764 546 2807 videtur
572 2765 616 2806 in
645 2765 905 2819 singularum
935 2767 1100 2809 urbium
1128 2766 1334 2810 dialectis.
1390 2767 1516 2809 Velut
1535 2768 1620 2810 iam
1645 2772 1773 2811 antea

222 2831 380 2874 dictum
410 2836 474 2875 est
500 2847 527 2872 σ
562 2845 771 2876 consonae
798 2833 843 2875 in
871 2849 894 2888 ρ
922 2838 1109 2877 mutatae
1137 2835 1295 2877 nullum
1324 2835 1563 2891 exemplum
1591 2836 1773 2879 inveniri
