1964 3184
307 257 362 300 κύ
372 275 403 315 φ
416 275 432 300 ε
443 275 466 315 ρ
480 275 501 300 ο
511 275 534 300 ν
561 254 588 299 ’ἶῖ
614 274 670 299 xv
683 274 714 313 φ
724 255 750 299 ‘r'¹
760 274 783 298 ν
793 290 803 300 .
832 254 1022 313 κεφαλῶν.
1055 257 1231 311 Κρῗῆτες.
1259 257 1442 313 Hesych.

309 343 332 367 κ
341 343 374 368 ω
387 343 411 380 ρ
420 343 446 367 α
455 330 478 367 λ
488 326 506 366 ι’
510 340 536 367 σ
545 342 568 367 κ
579 342 600 367 ο
611 343 633 366 ν
645 341 654 351 ·
683 326 733 366 τὸ
761 322 982 378 μειράκιον.
1012 325 1183 378 Κρῐτες.
1213 324 1331 368 Phot.
1366 326 1452 380 198,
1487 331 1545 370 15.

948 444 1011 484 Λ.

311 512 456 554 Λαία
469 528 507 561 ς·
539 510 725 560 ἀσπίδας.
751 512 924 566 Κρῆτες.
952 511 1134 567 Hesych.
1186 511 1442 568 Comparant
1456 515 1641 569 glossam
1655 531 1749 561 cum

204 578 320 629 λαιός
345 581 505 624 laevus.

313 646 459 702 λάκη·
487 645 659 703 ῥάκ[κ]η.
689 649 865 703 Κρῆτες.
895 648 1077 704 Hesych.
1133 647 1336 691 Radicem
1355 651 1551 695 vocabuli
1571 654 1751 698 eandem

205 729 299 760 esse
341 719 522 772 apparet
564 720 692 771 atque
734 716 874 769 ἐλαχία
912 719 955 759 et
997 715 1142 773 λαυξίᾳ
1190 716 1446 772 glossarum,
1490 733 1595 774 quas
1637 722 1751 776 vide,

205 798 398 841 quaeque
435 788 575 828 exstat
608 785 737 828 etiam
775 784 820 827 in
857 783 967 832 λακίς
992 787 1034 826 et
1061 783 1206 834 λακΐζω
1245 798 1321 840 pro
1349 786 1555 830 scindere.
1610 788 1751 841 Quare

205 866 311 909 opus
345 866 430 896 non
467 856 532 895 est
561 868 584 906 ρ
613 853 658 894 in
686 854 710 892 λ
744 853 964 895 transiisse
998 855 1169 907 putare,
1204 853 1321 894 cuius
1348 855 1594 898 mutationis
1622 869 1751 899 unum

206 925 365 964 certum
392 920 630 976 exemplum
655 924 795 963 exstat
821 918 1043 975 ἅφαιλήται
1070 934 1145 975 pro
1176 918 1401 975 ἀφαιρῆται
1430 922 1474 964 in
1500 923 1563 965 tit.
1582 923 1748 979 Bergm.

205 990 231 1032 l.
261 990 325 1032 83.

314 1058 514 1115 λαυξίᾳ·
551 1055 725 1113 ὃαρήσῃ.
766 1058 939 1110 Κρῆτες.
977 1055 1159 1111 Hesych.
1218 1056 1289 1099 Sic
1325 1058 1437 1100 enim
1480 1061 1748 1104 scribendum

205 1130 271 1170 est
304 1140 380 1183 pro
421 1140 471 1170 eo
507 1125 618 1181 quod.
653 1126 697 1168 in
742 1125 888 1168 codice
926 1128 990 1167 est
1026 1124 1188 1172 λαυξιά·
1230 1123 1346 1179 ὃαρη·
1424 1127 1601 1171 Videtur
1634 1129 1748 1172 enim

206 1196 341 1238 altera
366 1208 548 1251 persona
585 1194 812 1249 singularis
851 1193 1073 1236 indicativi
1109 1193 1236 1235 futuri
1264 1194 1393 1236 medii
1424 1207 1516 1238 esse
1546 1209 1574 1238 a
1602 1197 1747 1240 radice

205 1267 297 1314 λακ,
338 1277 365 1306 a
391 1277 473 1318 quo
501 1263 629 1305 etiam
660 1259 759 1315 λάκη
786 1266 829 1305 et
855 1261 994 1314 ἐλαχία
1023 1260 1305 1315 deducuntur,
1353 1277 1379 1300 a
1407 1268 1502 1317 post
1530 1265 1552 1302 λ
1580 1263 1748 1308 Cretica

204 1333 365 1375 vocalis
395 1332 615 1373 obtusione
646 1330 691 1371 in
721 1345 773 1368 αυ
798 1333 969 1371 mutato.

313 1396 551 1446 λισσούς·
597 1394 823 1449 δεομένους.
861 1396 925 1436 καὶ
965 1396 1063 1444 τούς
1099 1395 1234 1449 ἡσυχῆ
1274 1394 1520 1450 φαλακρούς.
1561 1399 1745 1453 Hesych.

205 1468 389 1510 Priorem
428 1465 625 1509 vocabuli
659 1465 982 1520 explicationem
1020 1464 1229 1507 Creticam
1266 1477 1358 1506 esse
1394 1469 1558 1507 constat
1594 1480 1648 1508 ex
1683 1469 1744 1509 tit.

204 1535 323 1578 Drer.
352 1534 379 1576 l.
411 1535 498 1576 115.
556 1532 600 1571 αἲ
627 1530 669 1571 δὲ
696 1531 838 1578 λισσός
868 1529 935 1584 εἴη,
965 1528 1266 1584 ἅγγραψάντων
1296 1531 1335 1578 ἒς
1362 1532 1593 1587 Δελφίνιον.
1649 1535 1743 1577 Per—

204 1604 311 1646 tinet
337 1601 587 1645 vocabulum
617 1599 672 1643 ad
700 1599 892 1651 λίσσομαι
919 1599 1104 1642 verbum.

311 1674 356 1710 λι
362 1668 461 1723 χάξ
470 1685 541 1709 αι·
571 1667 700 1723 ῥῖψαι.
730 1665 866 1719 [fciam.
896 1668 1067 1719 Κρῆτες.
1097 1667 1273 1722 Hesych.
1319 1667 1745 1722 Derivaturazaffig-

206 1736 418 1791 ἀπότομος
442 1736 678 1792 (Hesych.),
711 1740 756 1778 ut
784 1736 839 1777 sit
868 1747 983 1790 ‚rupe
1011 1734 1218 1777 deiicere.‘

312 1804 515 1845 λύττοι·
563 1803 600 1844 οἱ
639 1802 793 1855 ὑψηλοὶ
830 1801 961 1842 τόποι.
998 1803 1177 1857 Hesych.
1250 1804 1470 1846 Cretenses
1504 1805 1584 1847 hoc
1622 1819 1744 1848 voca-

205 1873 303 1917 bulo
330 1873 396 1916 usi
417 1877 525 1925 sunt,
554 1871 666 1926 quod
682 1873 861 1926 apparet
880 1882 932 1912 ex
952 1869 1097 1925 Steph.
1118 1870 1218 1925 Byz.
1240 1869 1379 1913 verbis
1400 1884 1432 1914 S.
1453 1885 1492 1913 v.
1548 1870 1743 1920 Λύκτος·

203 1939 320 1988 πόλις
346 1938 534 1994 Κρήτης,
574 1937 653 1982 ἀπὸ
684 1936 860 1978 Λύκτου
898 1939 972 1978 τοῦ
1002 1936 1245 1978 Λυκάστου.
1280 1937 1373 1978 ἔνιοι
1402 1937 1579 1980 Λύττον
1616 1939 1746 1994 αὐτήν

205 2023 308 2063 φασι
341 2008 409 2048 διὰ
445 2008 492 2048 το
521 2008 680 2047 κεῖσθαι
716 2006 757 2046 ἓν
790 2003 981 2061 μετεώρῳ
1018 2004 1154 2061 τόπῳ·
1192 2007 1239 2045 τὸ
1269 2007 1345 2060 γὰρ
1375 2003 1459 2047 ἄνω
1488 2008 1551 2047 καὶ
1580 2007 1745 2061 ὑψηλόν

204 2074 352 2117 λύττον
378 2076 515 2131 φασίν.
571 2075 700 2117 Recte
732 2073 1026 2117 Voretzschius
1054 2073 1111 2115 ad
1142 2075 1327 2117 radicem
1345 2076 1480 2115 AYK
1509 2076 1648 2130 refert,
1676 2079 1745 2120 cui

204 2144 374 2187 lucendi
400 2144 466 2187 vis
493 2144 614 2186 inest.

944 2226 1008 2265 M.

313 2296 370 2335 Μ
378 2310 404 2334 α
417 2300 437 2334 T
438 2310 484 2334 α·
498 2297 500 2300 ’
515 2293 540 2347 ἡ
569 2292 734 2348 ἀδελφή.
765 2294 928 2348 Κρῗτες
946 2295 1025 2346 (Sic
1046 2294 1270 2349 legendum
1287 2308 1362 2353 pro
1381 2291 1538 2349 ἀδελφὴ
1558 2293 1750 2350 Κρῶτης)

205 2362 336 2405 Phav.
365 2375 397 2406 S.
425 2376 464 2405 V.
496 2359 575 2403 αῗα.
607 2375 647 2417 p.
678 2363 743 2403 25.

311 2447 342 2482 μ
354 2430 572 2477 αλκενίς·
601 2428 626 2483 ἡ
655 2428 873 2482 παρθένος.
905 2430 1079 2484 Κρῆτες.
1108 2429 1288 2485 Hesyeh.
1337 2430 1375 2471 A
1400 2427 1581 2481 μαλακός
1606 2435 1751 2473 natam

205 2512 299 2542 esse
323 2499 508 2554 glossam
532 2498 655 2542 docet
679 2498 943 2550 ,ιιαλακίννης-
973 2496 1191 2550 παρθένος.
1222 2497 1402 2551 Hesych-

309 2567 488 2621 μαρίν·
522 2566 597 2619 τὴν
627 2566 713 2605 σῦν.
745 2565 920 2617 Κρῆτες.
956 2564 1137 2620 Hesych.
1196 2565 1366 2608 Confert
1396 2564 1450 2606 Μ.
1490 2564 1751 2609 Schmidtius

202 2633 436 2688 μαράσσαι·
462 2632 585 2681 κύνες.
615 2630 777 2687 ὄρνιθες
802 2638 844 2675 et
873 2630 1096 2686 ἅμαράσαι.
1126 2631 1166 2672 αἱ
1196 2634 1280 2679 σῦς.
1312 2631 1348 2672 οἱ
1376 2631 1419 2672 δὲ
1444 2629 1579 2680 κύνας.

311 2700 495 2756 μάρνα·
526 2701 551 2756 ἡ
578 2700 793 2755 παρθένος.
849 2701 993 2757 Steph.
1015 2702 1113 2757 Byz.
1137 2715 1168 2744 S.
1190 2716 1228 2744 V.
1248 2698 1382 2750 Γάζαε
1412 2701 1487 2748 τοὶς
1515 2701 1753 2756 παρθένους

203 2771 280 2825 γὰρ
311 2767 444 2819 οὕτως
483 2773 645 2824 Κρῆτες
681 2767 1030 2824 προσαγορεύουσι
1066 2768 1304 2824 μάρναν(ς).
1350 2767 1536 2824 μάρνανς
1571 2773 1756 2815 correxit

203 2838 380 2883 Ahrens.
409 2841 459 2882 ef.
491 2836 777 2893 Βριτόμαρτις.
