<?xml version="1.0" encoding="UTF-8"?>
<!DOCTYPE html PUBLIC "-//W3C//DTD XHTML 1.0 Transitional//EN"
    "http://www.w3.org/TR/xhtml1/DTD/xhtml1-transitional.dtd">
<html xmlns="http://www.w3.org/1999/xhtml" xml:lang="en" lang="en">
 <head>
  <title>
</title>
<meta http-equiv="Content-Type" content="text/html;charset=utf-8" />
  <meta name='ocr-system' content='tesseract 3.04.00' />
  <meta name='ocr-capabilities' content='ocr_page ocr_carea ocr_par ocr_line ocrx_word'/>
</head>
<body>
  <div class='ocr_page' id='page_1' title='image "./4627208_0016.png"; bbox 0 0 1964 3184; ppageno 0'>
   <div class='ocr_carea' id='block_1_1' title="bbox 838 199 1078 238">
    <p class='ocr_par' dir='ltr' id='par_1_1' title="bbox 838 199 1078 238">
     <span class='ocr_line' id='line_1_1' title="bbox 838 199 1078 238; baseline 0.004 -10"><span class='ocrx_word' id='word_1_1' title='bbox 838 199 1078 238; x_wconf 75' lang='lat'>-2-</span> 
     </span>
    </p>
   </div>
   <div class='ocr_carea' id='block_1_2' title="bbox 185 303 1744 697">
    <p class='ocr_par' dir='ltr' id='par_1_2' title="bbox 185 303 1744 697">
     <span class='ocr_line' id='line_1_2' title="bbox 185 303 1739 360; baseline 0 -13"><span class='ocrx_word' id='word_1_2' title='bbox 185 305 366 360; x_wconf 87' lang='lat' dir='ltr'>singulis</span> <span class='ocrx_word' id='word_1_3' title='bbox 407 305 533 347; x_wconf 86' lang='lat' dir='ltr'>rebus</span> <span class='ocrx_word' id='word_1_4' title='bbox 587 317 695 358; x_wconf 89' lang='lat' dir='ltr'>quae</span> <span class='ocrx_word' id='word_1_5' title='bbox 753 304 923 347; x_wconf 82' lang='lat' dir='ltr'>dialecti</span> <span class='ocrx_word' id='word_1_6' title='bbox 976 304 1174 360; x_wconf 90' lang='lat' dir='ltr'>propriae</span> <span class='ocrx_word' id='word_1_7' title='bbox 1216 308 1333 357; x_wconf 90' lang='lat' dir='ltr'>sunt,</span> <span class='ocrx_word' id='word_1_8' title='bbox 1379 303 1483 346; x_wconf 88' lang='lat' dir='ltr'>satis</span> <span class='ocrx_word' id='word_1_9' title='bbox 1541 304 1628 347; x_wconf 89' lang='lat' dir='ltr'>fere</span> <span class='ocrx_word' id='word_1_10' title='bbox 1684 303 1739 347; x_wconf 89' lang='lat' dir='ltr'>ab</span> 
     </span>
     <span class='ocr_line' id='line_1_3' title="bbox 186 371 1740 427; baseline -0.001 -13"><span class='ocrx_word' id='word_1_11' title='bbox 186 373 284 414; x_wconf 90' lang='lat' dir='ltr'>aliis</span> <span class='ocrx_word' id='word_1_12' title='bbox 324 373 585 427; x_wconf 86' lang='lat' dir='ltr'>disputatum</span> <span class='ocrx_word' id='word_1_13' title='bbox 624 377 698 414; x_wconf 92' lang='lat' dir='ltr'>est.</span> <span class='ocrx_word' id='word_1_14' title='bbox 755 372 907 414; x_wconf 88' lang='lat' dir='ltr'>Adicio</span> <span class='ocrx_word' id='word_1_15' title='bbox 938 372 1173 427; x_wconf 88' lang='lat' dir='ltr'>glossarum</span> <span class='ocrx_word' id='word_1_16' title='bbox 1199 372 1456 415; x_wconf 90' lang='lat' dir='ltr'>Creticarum</span> <span class='ocrx_word' id='word_1_17' title='bbox 1494 385 1602 426; x_wconf 88' lang='lat' dir='ltr'>quae</span> <span class='ocrx_word' id='word_1_18' title='bbox 1626 371 1740 427; x_wconf 91' lang='lat' dir='ltr'>apud</span> 
     </span>
     <span class='ocr_line' id='line_1_4' title="bbox 194 439 1744 499; baseline -0.001 -18"><span class='ocrx_word' id='word_1_19' title='bbox 194 439 421 494; x_wconf 78' lang='lat' dir='ltr'><strong>scriptores</strong></span> <span class='ocrx_word' id='word_1_20' title='bbox 452 443 616 481; x_wconf 83' lang='lat' dir='ltr'>veteres</span> <span class='ocrx_word' id='word_1_21' title='bbox 646 442 833 490; x_wconf 86' lang='lat' dir='ltr'>exstant,</span> <span class='ocrx_word' id='word_1_22' title='bbox 872 440 1169 499; x_wconf 87' lang='lat' dir='ltr'>grammaticos</span> <span class='ocrx_word' id='word_1_23' title='bbox 1210 440 1393 481; x_wconf 82' lang='lat' dir='ltr'><strong>maxime</strong></span> <span class='ocrx_word' id='word_1_24' title='bbox 1428 443 1469 480; x_wconf 93' lang='lat' dir='ltr'>et</span> <span class='ocrx_word' id='word_1_25' title='bbox 1506 439 1744 492; x_wconf 85' lang='lat' dir='ltr'>lexicogra-</span> 
     </span>
     <span class='ocr_line' id='line_1_5' title="bbox 193 505 1742 562; baseline -0.001 -13"><span class='ocrx_word' id='word_1_26' title='bbox 193 506 322 561; x_wconf 89' lang='lat' dir='ltr'>phos,</span> <span class='ocrx_word' id='word_1_27' title='bbox 354 507 662 559; x_wconf 80' lang='lat' dir='ltr'>collectionem,</span> <span class='ocrx_word' id='word_1_28' title='bbox 700 507 852 561; x_wconf 90' lang='lat' dir='ltr'>quibus</span> <span class='ocrx_word' id='word_1_29' title='bbox 881 521 984 550; x_wconf 81' lang='lat' dir='ltr'>vera</span> <span class='ocrx_word' id='word_1_30' title='bbox 1014 507 1186 549; x_wconf 84' lang='lat' dir='ltr'>dialecti</span> <span class='ocrx_word' id='word_1_31' title='bbox 1215 507 1378 562; x_wconf 90' lang='lat' dir='ltr'>species</span> <span class='ocrx_word' id='word_1_32' title='bbox 1406 511 1448 550; x_wconf 90' lang='lat' dir='ltr'>et</span> <span class='ocrx_word' id='word_1_33' title='bbox 1475 505 1609 549; x_wconf 83' lang='lat' dir='ltr'>forma</span> <span class='ocrx_word' id='word_1_34' title='bbox 1636 505 1742 548; x_wconf 90' lang='lat' dir='ltr'>dilu-</span> 
     </span>
     <span class='ocr_line' id='line_1_6' title="bbox 199 567 1742 629; baseline 0 -15"><span class='ocrx_word' id='word_1_35' title='bbox 199 573 337 615; x_wconf 91' lang='lat' dir='ltr'>cidius</span> <span class='ocrx_word' id='word_1_36' title='bbox 368 578 586 629; x_wconf 83' lang='lat' dir='ltr'>appareat.</span> <span class='ocrx_word' id='word_1_37' title='bbox 645 574 884 616; x_wconf 84' lang='lat' dir='ltr'>Succedent</span> <span class='ocrx_word' id='word_1_38' title='bbox 911 575 991 616; x_wconf 88' lang='lat' dir='ltr'>deo</span> <span class='ocrx_word' id='word_1_39' title='bbox 1019 575 1187 616; x_wconf 87' lang='lat' dir='ltr'>volente</span> <span class='ocrx_word' id='word_1_40' title='bbox 1216 575 1326 616; x_wconf 85' lang='lat' dir='ltr'>tituli</span> <span class='ocrx_word' id='word_1_41' title='bbox 1354 575 1521 626; x_wconf 84' lang='lat' dir='ltr'>Cretici,</span> <span class='ocrx_word' id='word_1_42' title='bbox 1551 577 1596 615; x_wconf 90' lang='lat' dir='ltr'>ut</span> <span class='ocrx_word' id='word_1_43' title='bbox 1620 567 1742 627; x_wconf 82' lang='lat' dir='ltr'>quasi</span> 
     </span>
     <span class='ocr_line' id='line_1_7' title="bbox 194 641 1616 697; baseline 0.001 -15"><span class='ocrx_word' id='word_1_44' title='bbox 194 653 278 683; x_wconf 92' lang='lat' dir='ltr'>uno</span> <span class='ocrx_word' id='word_1_45' title='bbox 308 641 453 683; x_wconf 90' lang='lat' dir='ltr'>obtutu</span> <span class='ocrx_word' id='word_1_46' title='bbox 488 655 631 683; x_wconf 82' lang='lat' dir='ltr'>omnes</span> <span class='ocrx_word' id='word_1_47' title='bbox 661 641 834 685; x_wconf 85' lang='lat' dir='ltr'>dialecti</span> <span class='ocrx_word' id='word_1_48' title='bbox 865 642 1064 697; x_wconf 84' lang='lat' dir='ltr'>reliquias</span> <span class='ocrx_word' id='word_1_49' title='bbox 1093 641 1447 697; x_wconf 81' lang='lat' dir='ltr'>comprehendere</span> <span class='ocrx_word' id='word_1_50' title='bbox 1478 641 1616 684; x_wconf 88' lang='lat' dir='ltr'>liceat.</span> 
     </span>
    </p>
   </div>
   <div class='ocr_carea' id='block_1_3' title="bbox 402 823 1525 882">
    <p class='ocr_par' dir='ltr' id='par_1_3' title="bbox 402 823 1525 882">
     <span class='ocr_line' id='line_1_8' title="bbox 402 823 1525 882; baseline 0 -13"><span class='ocrx_word' id='word_1_51' title='bbox 402 825 442 882; x_wconf 63' lang='lat' dir='ltr'>g.</span> <span class='ocrx_word' id='word_1_52' title='bbox 486 826 524 869; x_wconf 92' lang='grc'>1.</span> <span class='ocrx_word' id='word_1_53' title='bbox 572 824 639 869; x_wconf 93' lang='lat' dir='ltr'>De</span> <span class='ocrx_word' id='word_1_54' title='bbox 676 823 942 870; x_wconf 83' lang='lat' dir='ltr'>Creticarum</span> <span class='ocrx_word' id='word_1_55' title='bbox 979 823 1261 870; x_wconf 84' lang='lat' dir='ltr'>dialectorum</span> <span class='ocrx_word' id='word_1_56' title='bbox 1299 823 1525 870; x_wconf 84' lang='lat' dir='ltr'>varietate.</span> 
     </span>
    </p>
   </div>
   <div class='ocr_carea' id='block_1_4' title="bbox 182 907 1740 2925">
    <p class='ocr_par' dir='ltr' id='par_1_4' title="bbox 186 907 1739 1287">
     <span class='ocr_line' id='line_1_9' title="bbox 299 907 1738 966; baseline -0.001 -15"><span class='ocrx_word' id='word_1_57' title='bbox 299 909 424 952; x_wconf 86' lang='lat' dir='ltr'>Creta</span> <span class='ocrx_word' id='word_1_58' title='bbox 454 910 593 952; x_wconf 89' lang='lat' dir='ltr'>insula</span> <span class='ocrx_word' id='word_1_59' title='bbox 621 911 819 964; x_wconf 88' lang='lat' dir='ltr'>quoniam</span> <span class='ocrx_word' id='word_1_60' title='bbox 850 911 892 952; x_wconf 90' lang='lat' dir='ltr'>in</span> <span class='ocrx_word' id='word_1_61' title='bbox 922 910 1062 954; x_wconf 91' lang='lat' dir='ltr'>medio</span> <span class='ocrx_word' id='word_1_62' title='bbox 1089 911 1195 953; x_wconf 89' lang='lat' dir='ltr'>mari</span> <span class='ocrx_word' id='word_1_63' title='bbox 1226 910 1366 966; x_wconf 90' lang='lat' dir='ltr'>posita</span> <span class='ocrx_word' id='word_1_64' title='bbox 1394 914 1436 952; x_wconf 93' lang='lat' dir='ltr'>et</span> <span class='ocrx_word' id='word_1_65' title='bbox 1456 909 1534 952; x_wconf 92' lang='lat' dir='ltr'>soli</span> <span class='ocrx_word' id='word_1_66' title='bbox 1552 907 1738 952; x_wconf 87' lang='lat' dir='ltr'>fecundi-</span> 
     </span>
     <span class='ocr_line' id='line_1_10' title="bbox 187 978 1739 1029; baseline 0.001 -12"><span class='ocrx_word' id='word_1_67' title='bbox 187 980 274 1017; x_wconf 88' lang='lat' dir='ltr'>tate</span> <span class='ocrx_word' id='word_1_68' title='bbox 315 981 357 1017; x_wconf 89' lang='lat' dir='ltr'>et</span> <span class='ocrx_word' id='word_1_69' title='bbox 396 978 503 1018; x_wconf 89' lang='lat' dir='ltr'>caeli</span> <span class='ocrx_word' id='word_1_70' title='bbox 542 978 802 1018; x_wconf 89' lang='lat' dir='ltr'>iucunditate</span> <span class='ocrx_word' id='word_1_71' title='bbox 844 979 1002 1018; x_wconf 80' lang='lat' dir='ltr'>eximia</span> <span class='ocrx_word' id='word_1_72' title='bbox 1038 979 1207 1019; x_wconf 91' lang='lat' dir='ltr'>colonos</span> <span class='ocrx_word' id='word_1_73' title='bbox 1243 978 1412 1029; x_wconf 85' lang='lat' dir='ltr'>allexit,</span> <span class='ocrx_word' id='word_1_74' title='bbox 1458 978 1609 1019; x_wconf 91' lang='lat' dir='ltr'>mirum</span> <span class='ocrx_word' id='word_1_75' title='bbox 1646 989 1739 1018; x_wconf 87' lang='lat' dir='ltr'>esse</span> 
     </span>
     <span class='ocr_line' id='line_1_11' title="bbox 187 1043 1739 1099; baseline 0 -15"><span class='ocrx_word' id='word_1_76' title='bbox 187 1057 271 1084; x_wconf 91' lang='lat' dir='ltr'>non</span> <span class='ocrx_word' id='word_1_77' title='bbox 300 1043 449 1096; x_wconf 92' lang='lat' dir='ltr'>debet,</span> <span class='ocrx_word' id='word_1_78' title='bbox 487 1044 599 1098; x_wconf 88' lang='lat' dir='ltr'>quod</span> <span class='ocrx_word' id='word_1_79' title='bbox 634 1044 866 1098; x_wconf 89' lang='lat' dir='ltr'>antiquitus</span> <span class='ocrx_word' id='word_1_80' title='bbox 904 1044 1051 1086; x_wconf 77' lang='lat' dir='ltr'>variae</span> <span class='ocrx_word' id='word_1_81' title='bbox 1089 1048 1237 1099; x_wconf 83' lang='lat' dir='ltr'>gentes</span> <span class='ocrx_word' id='word_1_82' title='bbox 1277 1044 1457 1087; x_wconf 90' lang='lat' dir='ltr'>insulam</span> <span class='ocrx_word' id='word_1_83' title='bbox 1486 1043 1739 1095; x_wconf 88' lang='lat' dir='ltr'>incolebant,</span> 
     </span>
     <span class='ocr_line' id='line_1_12' title="bbox 188 1111 1738 1165; baseline 0.001 -14"><span class='ocrx_word' id='word_1_84' title='bbox 188 1123 364 1163; x_wconf 83' lang='lat' dir='ltr'>quarum</span> <span class='ocrx_word' id='word_1_85' title='bbox 403 1124 481 1152; x_wconf 91' lang='lat' dir='ltr'>sua</span> <span class='ocrx_word' id='word_1_86' title='bbox 516 1124 713 1164; x_wconf 85' lang='lat' dir='ltr'>quaeque</span> <span class='ocrx_word' id='word_1_87' title='bbox 748 1112 894 1165; x_wconf 87' lang='lat' dir='ltr'>lingua</span> <span class='ocrx_word' id='word_1_88' title='bbox 931 1112 1191 1164; x_wconf 80' lang='lat' dir='ltr'>loquebatur.</span> <span class='ocrx_word' id='word_1_89' title='bbox 1246 1111 1424 1153; x_wconf 86' lang='lat' dir='ltr'>Accedit</span> <span class='ocrx_word' id='word_1_90' title='bbox 1453 1111 1738 1152; x_wconf 89' lang='lat' dir='ltr'>testimonium</span> 
     </span>
     <span class='ocr_line' id='line_1_13' title="bbox 186 1177 1737 1233; baseline -0.001 -13"><span class='ocrx_word' id='word_1_91' title='bbox 186 1178 563 1233; x_wconf 89' lang='lat' dir='ltr'>locupletissimum</span> <span class='ocrx_word' id='word_1_92' title='bbox 592 1178 785 1231; x_wconf 88' lang='lat' dir='ltr'>Homeri,</span> <span class='ocrx_word' id='word_1_93' title='bbox 821 1178 891 1232; x_wconf 90' lang='lat' dir='ltr'>qui</span> <span class='ocrx_word' id='word_1_94' title='bbox 930 1178 973 1220; x_wconf 91' lang='grc'>111</span> <span class='ocrx_word' id='word_1_95' title='bbox 1013 1178 1092 1221; x_wconf 89' lang='lat' dir='ltr'>Od.</span> <span class='ocrx_word' id='word_1_96' title='bbox 1133 1179 1157 1220; x_wconf 93' lang='lat' dir='ltr'>l.</span> <span class='ocrx_word' id='word_1_97' title='bbox 1199 1195 1230 1227; x_wconf 80' lang='grc' dir='ltr'>τ,</span> <span class='ocrx_word' id='word_1_98' title='bbox 1281 1180 1352 1219; x_wconf 78' lang='grc'>172</span> <span class='ocrx_word' id='word_1_99' title='bbox 1387 1178 1491 1220; x_wconf 87' lang='lat' dir='ltr'>haec</span> <span class='ocrx_word' id='word_1_100' title='bbox 1529 1177 1737 1220; x_wconf 88' lang='lat' dir='ltr'>dicentem</span> 
     </span>
     <span class='ocr_line' id='line_1_14' title="bbox 186 1246 568 1287; baseline 0 -1"><span class='ocrx_word' id='word_1_101' title='bbox 186 1246 357 1286; x_wconf 84' lang='lat' dir='ltr'>Ulixem</span> <span class='ocrx_word' id='word_1_102' title='bbox 386 1246 568 1287; x_wconf 87' lang='lat' dir='ltr'>inducit:</span> 
     </span>
    </p>

    <p class='ocr_par' dir='ltr' id='par_1_5' title="bbox 394 1310 1439 1369">
     <span class='ocr_line' id='line_1_15' title="bbox 394 1310 1439 1369; baseline 0.001 -17"><span class='ocrx_word' id='word_1_103' title='bbox 394 1310 540 1366; x_wconf 74' lang='grc' dir='ltr'><em>Κρήτη</em></span> <span class='ocrx_word' id='word_1_104' title='bbox 574 1328 636 1360; x_wconf 84' lang='grc' dir='ltr'>τις</span> <span class='ocrx_word' id='word_1_105' title='bbox 667 1311 751 1367; x_wconf 74' lang='grc' dir='ltr'>γαῖ’</span> <span class='ocrx_word' id='word_1_106' title='bbox 784 1311 887 1361; x_wconf 61' lang='grc' dir='ltr'><em>ἔστι,</em></span> <span class='ocrx_word' id='word_1_107' title='bbox 917 1312 1032 1369; x_wconf 77' lang='grc' dir='ltr'><em>με’σῳ</em></span> <span class='ocrx_word' id='word_1_108' title='bbox 1062 1312 1114 1352; x_wconf 64' lang='grc' dir='ltr'>ἓν)</span> <span class='ocrx_word' id='word_1_109' title='bbox 1146 1311 1274 1353; x_wconf 72' lang='grc' dir='ltr'>οἷ’νοπι</span> <span class='ocrx_word' id='word_1_110' title='bbox 1303 1310 1439 1369; x_wconf 83' lang='grc' dir='ltr'><em>πόντῳ</em></span> 
     </span>
    </p>

    <p class='ocr_par' dir='ltr' id='par_1_6' title="bbox 388 1378 1433 1433">
     <span class='ocr_line' id='line_1_16' title="bbox 388 1378 1433 1433; baseline 0.001 -15"><span class='ocrx_word' id='word_1_111' title='bbox 388 1381 488 1431; x_wconf 78' lang='grc' dir='ltr'><strong><em>καλὴ</em></strong></span> <span class='ocrx_word' id='word_1_112' title='bbox 517 1380 579 1418; x_wconf 76' lang='grc' dir='ltr'>καὶ</span> <span class='ocrx_word' id='word_1_113' title='bbox 609 1381 762 1431; x_wconf 83' lang='grc' dir='ltr'>πίειρα,</span> <span class='ocrx_word' id='word_1_114' title='bbox 790 1381 1051 1433; x_wconf 72' lang='grc' dir='ltr'><em>περίρρυτος·</em></span> <span class='ocrx_word' id='word_1_115' title='bbox 1082 1381 1122 1419; x_wconf 71' lang='grc' dir='ltr'>ἓν</span> <span class='ocrx_word' id='word_1_116' title='bbox 1150 1379 1187 1419; x_wconf 61' lang='grc' dir='ltr'>ὁ)</span> <span class='ocrx_word' id='word_1_117' title='bbox 1218 1378 1433 1432; x_wconf 69' lang='grc' dir='ltr'>ἄνθρωποι</span> 
     </span>
    </p>

    <p class='ocr_par' dir='ltr' id='par_1_7' title="bbox 389 1445 1353 1501">
     <span class='ocr_line' id='line_1_17' title="bbox 389 1445 1353 1501; baseline 0 -15"><span class='ocrx_word' id='word_1_118' title='bbox 389 1447 548 1495; x_wconf 78' lang='grc' dir='ltr'>πολλοί,</span> <span class='ocrx_word' id='word_1_119' title='bbox 581 1446 818 1501; x_wconf 71' lang='grc' dir='ltr'><em>ἀπειρέσιοι.</em></span> <span class='ocrx_word' id='word_1_120' title='bbox 849 1448 912 1486; x_wconf 74' lang='grc' dir='ltr'>καὶ</span> <span class='ocrx_word' id='word_1_121' title='bbox 943 1445 1157 1501; x_wconf 72' lang='grc' dir='ltr'><em>ἐννήκοντα</em></span> <span class='ocrx_word' id='word_1_122' title='bbox 1187 1445 1353 1501; x_wconf 80' lang='grc' dir='ltr'><em>πόληες·</em></span> 
     </span>
    </p>

    <p class='ocr_par' dir='ltr' id='par_1_8' title="bbox 391 1511 1560 1568">
     <span class='ocr_line' id='line_1_18' title="bbox 391 1511 1560 1568; baseline 0.001 -16"><span class='ocrx_word' id='word_1_123' title='bbox 391 1511 491 1566; x_wconf 77' lang='grc' dir='ltr'>ἄλλη</span> <span class='ocrx_word' id='word_1_124' title='bbox 522 1513 558 1553; x_wconf 71' lang='grc' dir='ltr'>δ’</span> <span class='ocrx_word' id='word_1_125' title='bbox 590 1512 727 1555; x_wconf 69' lang='grc' dir='ltr'><em>ἄλλων</em></span> <span class='ocrx_word' id='word_1_126' title='bbox 757 1518 921 1568; x_wconf 76' lang='grc' dir='ltr'><em>γλῶσσα</em></span> <span class='ocrx_word' id='word_1_127' title='bbox 952 1515 1193 1568; x_wconf 72' lang='grc' dir='ltr'>μεμιγμένη·</span> <span class='ocrx_word' id='word_1_128' title='bbox 1227 1515 1267 1554; x_wconf 73' lang='grc' dir='ltr'>ἕν</span> <span class='ocrx_word' id='word_1_129' title='bbox 1296 1515 1370 1567; x_wconf 74' lang='grc' dir='ltr'>μὲν</span> <span class='ocrx_word' id='word_1_130' title='bbox 1392 1513 1560 1566; x_wconf 80' lang='grc' dir='ltr'>Ἀχαιοί,</span> 
     </span>
    </p>

    <p class='ocr_par' dir='ltr' id='par_1_9' title="bbox 391 1579 1469 1638">
     <span class='ocr_line' id='line_1_19' title="bbox 391 1579 1469 1638; baseline 0 -17"><span class='ocrx_word' id='word_1_131' title='bbox 391 1581 431 1621; x_wconf 73' lang='grc' dir='ltr'>ἓν</span> <span class='ocrx_word' id='word_1_132' title='bbox 462 1580 505 1621; x_wconf 74' lang='grc' dir='ltr'>δ’</span> <span class='ocrx_word' id='word_1_133' title='bbox 536 1580 786 1637; x_wconf 75' lang='grc' dir='ltr'><em>Ἐτεόκρητες</em></span> <span class='ocrx_word' id='word_1_134' title='bbox 814 1580 1104 1638; x_wconf 76' lang='grc' dir='ltr'>μεγαλήτορες,</span> <span class='ocrx_word' id='word_1_135' title='bbox 1135 1581 1176 1622; x_wconf 72' lang='grc' dir='ltr'>ἓν</span> <span class='ocrx_word' id='word_1_136' title='bbox 1205 1581 1247 1622; x_wconf 72' lang='grc' dir='ltr'>δὲ</span> <span class='ocrx_word' id='word_1_137' title='bbox 1277 1579 1469 1628; x_wconf 77' lang='grc' dir='ltr'>Κύδωνες</span> 
     </span>
    </p>

    <p class='ocr_par' dir='ltr' id='par_1_10' title="bbox 182 1649 1740 2925">
     <span class='ocr_line' id='line_1_20' title="bbox 391 1649 1289 1703; baseline 0 -14"><span class='ocrx_word' id='word_1_138' title='bbox 391 1650 573 1702; x_wconf 71' lang='grc' dir='ltr'><em>Δωριέες</em></span> <span class='ocrx_word' id='word_1_139' title='bbox 600 1667 641 1690; x_wconf 82' lang='grc' dir='ltr'>τε</span> <span class='ocrx_word' id='word_1_140' title='bbox 669 1649 868 1703; x_wconf 75' lang='grc' dir='ltr'><em>τριχάϊκες</em></span> <span class='ocrx_word' id='word_1_141' title='bbox 896 1652 980 1690; x_wconf 84' lang='grc' dir='ltr'>ὁῖοί</span> <span class='ocrx_word' id='word_1_142' title='bbox 1001 1667 1041 1691; x_wconf 88' lang='grc' dir='ltr'>τε</span> <span class='ocrx_word' id='word_1_143' title='bbox 1071 1651 1289 1703; x_wconf 73' lang='grc' dir='ltr'><em>Πελασγοί.</em></span> 
     </span>
     <span class='ocr_line' id='line_1_21' title="bbox 189 1717 1737 1772; baseline 0.001 -14"><span class='ocrx_word' id='word_1_144' title='bbox 189 1718 238 1759; x_wconf 92' lang='lat' dir='ltr'>In</span> <span class='ocrx_word' id='word_1_145' title='bbox 267 1731 349 1772; x_wconf 91' lang='lat' dir='ltr'>quo</span> <span class='ocrx_word' id='word_1_146' title='bbox 387 1717 494 1758; x_wconf 92' lang='lat' dir='ltr'>nihil</span> <span class='ocrx_word' id='word_1_147' title='bbox 534 1718 686 1760; x_wconf 85' lang='lat' dir='ltr'>attinet</span> <span class='ocrx_word' id='word_1_148' title='bbox 723 1732 924 1772; x_wconf 83' lang='lat' dir='ltr'>quaerere</span> <span class='ocrx_word' id='word_1_149' title='bbox 963 1732 1055 1760; x_wconf 89' lang='lat' dir='ltr'>cum</span> <span class='ocrx_word' id='word_1_150' title='bbox 1082 1718 1271 1761; x_wconf 88' lang='lat' dir='ltr'>Hoeckio</span> <span class='ocrx_word' id='word_1_151' title='bbox 1298 1718 1441 1768; x_wconf 91' lang='lat' dir='ltr'>(Creta</span> <span class='ocrx_word' id='word_1_152' title='bbox 1470 1731 1508 1760; x_wconf 90' lang='lat' dir='ltr'>a.</span> <span class='ocrx_word' id='word_1_153' title='bbox 1537 1730 1575 1759; x_wconf 86' lang='lat' dir='ltr'>a.</span> <span class='ocrx_word' id='word_1_154' title='bbox 1603 1717 1652 1760; x_wconf 92' lang='lat' dir='ltr'>O.</span> <span class='ocrx_word' id='word_1_155' title='bbox 1682 1718 1737 1769; x_wconf 94' lang='lat' dir='ltr'>II,</span> 
     </span>
     <span class='ocr_line' id='line_1_22' title="bbox 191 1785 1737 1841; baseline 0.001 -16"><span class='ocrx_word' id='word_1_156' title='bbox 191 1788 213 1824; x_wconf 88' lang='lat'>5</span> <span class='ocrx_word' id='word_1_157' title='bbox 246 1787 377 1839; x_wconf 76' lang='lat' dir='ltr'>sqq),</span> <span class='ocrx_word' id='word_1_158' title='bbox 414 1785 531 1827; x_wconf 87' lang='lat' dir='ltr'>cuius</span> <span class='ocrx_word' id='word_1_159' title='bbox 571 1786 716 1840; x_wconf 89' lang='lat' dir='ltr'>populi</span> <span class='ocrx_word' id='word_1_160' title='bbox 755 1799 854 1840; x_wconf 91' lang='lat' dir='ltr'>pars</span> <span class='ocrx_word' id='word_1_161' title='bbox 884 1786 1080 1841; x_wconf 75' lang='lat' dir='ltr'>Cydones</span> <span class='ocrx_word' id='word_1_162' title='bbox 1108 1791 1151 1828; x_wconf 87' lang='lat' dir='ltr'>et</span> <span class='ocrx_word' id='word_1_163' title='bbox 1177 1786 1420 1827; x_wconf 86' lang='lat' dir='ltr'>Eteoeretes</span> <span class='ocrx_word' id='word_1_164' title='bbox 1449 1785 1615 1827; x_wconf 84' lang='lat' dir='ltr'>fuerint.</span> <span class='ocrx_word' id='word_1_165' title='bbox 1671 1785 1737 1826; x_wconf 90' lang='lat' dir='ltr'>Ne</span> 
     </span>
     <span class='ocr_line' id='line_1_23' title="bbox 189 1852 1738 1907; baseline 0.001 -13"><span class='ocrx_word' id='word_1_166' title='bbox 189 1852 234 1894; x_wconf 93' lang='lat' dir='ltr'>id</span> <span class='ocrx_word' id='word_1_167' title='bbox 263 1852 434 1907; x_wconf 90' lang='lat' dir='ltr'>quidem</span> <span class='ocrx_word' id='word_1_168' title='bbox 463 1853 600 1906; x_wconf 86' lang='lat' dir='ltr'>refert,</span> <span class='ocrx_word' id='word_1_169' title='bbox 631 1857 767 1894; x_wconf 89' lang='lat' dir='ltr'>utrum</span> <span class='ocrx_word' id='word_1_170' title='bbox 794 1853 963 1896; x_wconf 86' lang='lat' dir='ltr'>barbari</span> <span class='ocrx_word' id='word_1_171' title='bbox 984 1853 1151 1896; x_wconf 84' lang='lat' dir='ltr'>Cretam</span> <span class='ocrx_word' id='word_1_172' title='bbox 1182 1852 1433 1895; x_wconf 87' lang='lat' dir='ltr'>incoluerint</span> <span class='ocrx_word' id='word_1_173' title='bbox 1460 1856 1557 1894; x_wconf 86' lang='lat' dir='ltr'>ante</span> <span class='ocrx_word' id='word_1_174' title='bbox 1581 1852 1738 1895; x_wconf 84' lang='lat' dir='ltr'>adven-</span> 
     </span>
     <span class='ocr_line' id='line_1_24' title="bbox 187 1919 1736 1976; baseline 0.001 -15"><span class='ocrx_word' id='word_1_175' title='bbox 187 1926 275 1962; x_wconf 91' lang='lat' dir='ltr'>tum</span> <span class='ocrx_word' id='word_1_176' title='bbox 304 1921 544 1962; x_wconf 90' lang='lat' dir='ltr'>colonorum</span> <span class='ocrx_word' id='word_1_177' title='bbox 576 1921 844 1963; x_wconf 90' lang='lat' dir='ltr'>Doriensium</span> <span class='ocrx_word' id='word_1_178' title='bbox 882 1935 936 1963; x_wconf 91' lang='lat' dir='ltr'>an</span> <span class='ocrx_word' id='word_1_179' title='bbox 966 1922 1130 1964; x_wconf 86' lang='lat' dir='ltr'>Graeca</span> <span class='ocrx_word' id='word_1_180' title='bbox 1159 1922 1305 1976; x_wconf 89' lang='lat' dir='ltr'>lingua</span> <span class='ocrx_word' id='word_1_181' title='bbox 1343 1920 1470 1963; x_wconf 88' lang='lat' dir='ltr'>locuti</span> <span class='ocrx_word' id='word_1_182' title='bbox 1501 1920 1586 1962; x_wconf 88' lang='lat' dir='ltr'>sint</span> <span class='ocrx_word' id='word_1_183' title='bbox 1614 1919 1736 1962; x_wconf 88' lang='lat' dir='ltr'>Eteo-</span> 
     </span>
     <span class='ocr_line' id='line_1_25' title="bbox 187 1988 1736 2044; baseline -0.001 -13"><span class='ocrx_word' id='word_1_184' title='bbox 187 1993 341 2042; x_wconf 79' lang='lat' dir='ltr'>creteS,</span> <span class='ocrx_word' id='word_1_185' title='bbox 387 1988 586 2042; x_wconf 87' lang='lat' dir='ltr'>quoniam</span> <span class='ocrx_word' id='word_1_186' title='bbox 625 1989 741 2030; x_wconf 92' lang='lat' dir='ltr'>nulla</span> <span class='ocrx_word' id='word_1_187' title='bbox 786 1989 909 2031; x_wconf 86' lang='lat' dir='ltr'>huius</span> <span class='ocrx_word' id='word_1_188' title='bbox 951 1990 1105 2032; x_wconf 87' lang='lat' dir='ltr'>aetatis</span> <span class='ocrx_word' id='word_1_189' title='bbox 1148 1990 1320 2044; x_wconf 84' lang='lat' dir='ltr'>linguae</span> <span class='ocrx_word' id='word_1_190' title='bbox 1366 1989 1549 2043; x_wconf 83' lang='lat' dir='ltr'>vestigia</span> <span class='ocrx_word' id='word_1_191' title='bbox 1596 2001 1736 2043; x_wconf 89' lang='lat' dir='ltr'>super-</span> 
     </span>
     <span class='ocr_line' id='line_1_26' title="bbox 188 2056 1740 2110; baseline 0 -12"><span class='ocrx_word' id='word_1_192' title='bbox 188 2061 296 2098; x_wconf 90' lang='lat' dir='ltr'>sunt.</span> <span class='ocrx_word' id='word_1_193' title='bbox 350 2057 441 2098; x_wconf 92' lang='lat' dir='ltr'>Hoe</span> <span class='ocrx_word' id='word_1_194' title='bbox 461 2061 573 2098; x_wconf 82' lang='lat' dir='ltr'>certe</span> <span class='ocrx_word' id='word_1_195' title='bbox 593 2061 759 2098; x_wconf 86' lang='lat' dir='ltr'>constat</span> <span class='ocrx_word' id='word_1_196' title='bbox 777 2070 828 2099; x_wconf 89' lang='lat' dir='ltr'>ea</span> <span class='ocrx_word' id='word_1_197' title='bbox 849 2070 957 2110; x_wconf 87' lang='lat' dir='ltr'>quae</span> <span class='ocrx_word' id='word_1_198' title='bbox 977 2061 1146 2100; x_wconf 89' lang='lat' dir='ltr'>servata</span> <span class='ocrx_word' id='word_1_199' title='bbox 1166 2061 1262 2099; x_wconf 91' lang='lat' dir='ltr'>sunt</span> <span class='ocrx_word' id='word_1_200' title='bbox 1280 2056 1451 2100; x_wconf 85' lang='lat' dir='ltr'>dialecti</span> <span class='ocrx_word' id='word_1_201' title='bbox 1469 2059 1740 2099; x_wconf 87' lang='lat' dir='ltr'>monumenta</span> 
     </span>
     <span class='ocr_line' id='line_1_27' title="bbox 187 2123 1738 2179; baseline -0.001 -14"><span class='ocrx_word' id='word_1_202' title='bbox 187 2123 244 2165; x_wconf 89' lang='lat' dir='ltr'>ad</span> <span class='ocrx_word' id='word_1_203' title='bbox 264 2124 534 2166; x_wconf 88' lang='lat' dir='ltr'>Doriensium</span> <span class='ocrx_word' id='word_1_204' title='bbox 552 2124 742 2178; x_wconf 87' lang='lat' dir='ltr'>linguam</span> <span class='ocrx_word' id='word_1_205' title='bbox 761 2125 991 2166; x_wconf 86' lang='lat' dir='ltr'>maximam</span> <span class='ocrx_word' id='word_1_206' title='bbox 1011 2129 1174 2179; x_wconf 89' lang='lat' dir='ltr'>partem</span> <span class='ocrx_word' id='word_1_207' title='bbox 1195 2124 1415 2166; x_wconf 87' lang='lat' dir='ltr'>referenda</span> <span class='ocrx_word' id='word_1_208' title='bbox 1432 2136 1537 2166; x_wconf 90' lang='lat' dir='ltr'>esse.</span> <span class='ocrx_word' id='word_1_209' title='bbox 1579 2123 1738 2174; x_wconf 84' lang='lat' dir='ltr'>Quodsi</span> 
     </span>
     <span class='ocr_line' id='line_1_28' title="bbox 184 2191 1737 2246; baseline 0 -13"><span class='ocrx_word' id='word_1_210' title='bbox 184 2192 357 2234; x_wconf 91' lang='lat' dir='ltr'>Homeri</span> <span class='ocrx_word' id='word_1_211' title='bbox 388 2191 650 2246; x_wconf 89' lang='lat' dir='ltr'>temporibus</span> <span class='ocrx_word' id='word_1_212' title='bbox 679 2204 757 2233; x_wconf 88' lang='lat' dir='ltr'>sua</span> <span class='ocrx_word' id='word_1_213' title='bbox 787 2205 978 2246; x_wconf 90' lang='lat' dir='ltr'>quaeque</span> <span class='ocrx_word' id='word_1_214' title='bbox 1006 2206 1123 2246; x_wconf 55' lang='lat' dir='ltr'>gens.</span> <span class='ocrx_word' id='word_1_215' title='bbox 1149 2192 1332 2234; x_wconf 85' lang='lat' dir='ltr'>dialecto</span> <span class='ocrx_word' id='word_1_216' title='bbox 1363 2204 1441 2234; x_wconf 89' lang='lat' dir='ltr'>usa</span> <span class='ocrx_word' id='word_1_217' title='bbox 1467 2195 1554 2245; x_wconf 88' lang='lat' dir='ltr'>est,</span> <span class='ocrx_word' id='word_1_218' title='bbox 1589 2194 1737 2246; x_wconf 87' lang='lat' dir='ltr'>postea</span> 
     </span>
     <span class='ocr_line' id='line_1_29' title="bbox 184 2258 1736 2312; baseline -0.001 -12"><span class='ocrx_word' id='word_1_219' title='bbox 184 2258 386 2301; x_wconf 90' lang='lat' dir='ltr'>Doridem</span> <span class='ocrx_word' id='word_1_220' title='bbox 419 2259 556 2312; x_wconf 87' lang='lat' dir='ltr'>magis</span> <span class='ocrx_word' id='word_1_221' title='bbox 594 2258 815 2312; x_wconf 84' lang='lat' dir='ltr'>magisque</span> <span class='ocrx_word' id='word_1_222' title='bbox 853 2259 1083 2301; x_wconf 89' lang='lat' dir='ltr'>invaluisse</span> <span class='ocrx_word' id='word_1_223' title='bbox 1110 2259 1323 2312; x_wconf 90' lang='lat' dir='ltr'>videmus,</span> <span class='ocrx_word' id='word_1_224' title='bbox 1360 2258 1494 2300; x_wconf 89' lang='lat' dir='ltr'>donec</span> <span class='ocrx_word' id='word_1_225' title='bbox 1528 2258 1619 2299; x_wconf 92' lang='lat' dir='ltr'>sola</span> <span class='ocrx_word' id='word_1_226' title='bbox 1647 2262 1736 2300; x_wconf 87' lang='lat' dir='ltr'>tota</span> 
     </span>
     <span class='ocr_line' id='line_1_30' title="bbox 184 2325 1735 2382; baseline 0 -13"><span class='ocrx_word' id='word_1_227' title='bbox 184 2328 323 2370; x_wconf 91' lang='lat' dir='ltr'>insula</span> <span class='ocrx_word' id='word_1_228' title='bbox 351 2327 559 2382; x_wconf 88' lang='lat' dir='ltr'>regnavit.</span> <span class='ocrx_word' id='word_1_229' title='bbox 618 2326 735 2369; x_wconf 90' lang='lat' dir='ltr'>Haec</span> <span class='ocrx_word' id='word_1_230' title='bbox 765 2326 891 2369; x_wconf 90' lang='lat' dir='ltr'>Doris</span> <span class='ocrx_word' id='word_1_231' title='bbox 919 2330 1057 2370; x_wconf 89' lang='lat' dir='ltr'>utrum</span> <span class='ocrx_word' id='word_1_232' title='bbox 1085 2340 1138 2369; x_wconf 87' lang='lat' dir='ltr'>ex</span> <span class='ocrx_word' id='word_1_233' title='bbox 1165 2326 1331 2370; x_wconf 89' lang='lat' dir='ltr'>mitiore</span> <span class='ocrx_word' id='word_1_234' title='bbox 1361 2339 1416 2369; x_wconf 90' lang='lat' dir='ltr'>an</span> <span class='ocrx_word' id='word_1_235' title='bbox 1445 2339 1498 2369; x_wconf 84' lang='lat' dir='ltr'>ex</span> <span class='ocrx_word' id='word_1_236' title='bbox 1525 2325 1735 2369; x_wconf 88' lang='lat' dir='ltr'>severiore</span> 
     </span>
     <span class='ocr_line' id='line_1_31' title="bbox 184 2393 1736 2449; baseline 0 -13"><span class='ocrx_word' id='word_1_237' title='bbox 184 2407 337 2449; x_wconf 87' lang='lat' dir='ltr'>genere</span> <span class='ocrx_word' id='word_1_238' title='bbox 365 2394 505 2447; x_wconf 87' lang='lat' dir='ltr'>fuerit,</span> <span class='ocrx_word' id='word_1_239' title='bbox 533 2407 631 2436; x_wconf 85' lang='lat' dir='ltr'>mox</span> <span class='ocrx_word' id='word_1_240' title='bbox 661 2393 913 2436; x_wconf 85' lang='lat' dir='ltr'>videbimus.</span> <span class='ocrx_word' id='word_1_241' title='bbox 969 2395 1079 2436; x_wconf 86' lang='lat' dir='ltr'>Illud</span> <span class='ocrx_word' id='word_1_242' title='bbox 1107 2399 1266 2436; x_wconf 90' lang='lat' dir='ltr'>certum</span> <span class='ocrx_word' id='word_1_243' title='bbox 1295 2398 1371 2448; x_wconf 91' lang='lat' dir='ltr'>est,</span> <span class='ocrx_word' id='word_1_244' title='bbox 1401 2394 1512 2436; x_wconf 89' lang='lat' dir='ltr'>hanc</span> <span class='ocrx_word' id='word_1_245' title='bbox 1536 2395 1736 2436; x_wconf 86' lang='lat' dir='ltr'>Doricam</span> 
     </span>
     <span class='ocr_line' id='line_1_32' title="bbox 185 2461 1738 2518; baseline 0 -14"><span class='ocrx_word' id='word_1_246' title='bbox 185 2463 375 2517; x_wconf 87' lang='lat' dir='ltr'>linguam</span> <span class='ocrx_word' id='word_1_247' title='bbox 414 2476 466 2504; x_wconf 89' lang='lat' dir='ltr'>ea</span> <span class='ocrx_word' id='word_1_248' title='bbox 501 2464 643 2504; x_wconf 88' lang='lat' dir='ltr'>aetate</span> <span class='ocrx_word' id='word_1_249' title='bbox 685 2474 794 2515; x_wconf 91' lang='lat' dir='ltr'>quae</span> <span class='ocrx_word' id='word_1_250' title='bbox 831 2466 976 2504; x_wconf 86' lang='lat' dir='ltr'>secuta</span> <span class='ocrx_word' id='word_1_251' title='bbox 1011 2465 1074 2505; x_wconf 90' lang='lat' dir='ltr'>est</span> <span class='ocrx_word' id='word_1_252' title='bbox 1109 2462 1316 2518; x_wconf 90' lang='lat' dir='ltr'>paulatim</span> <span class='ocrx_word' id='word_1_253' title='bbox 1350 2461 1406 2505; x_wconf 88' lang='lat' dir='ltr'>ad</span> <span class='ocrx_word' id='word_1_254' title='bbox 1440 2461 1628 2516; x_wconf 85' lang='lat' dir='ltr'>vulgaris</span> <span class='ocrx_word' id='word_1_255' title='bbox 1655 2474 1738 2504; x_wconf 88' lang='lat' dir='ltr'>ser-</span> 
     </span>
     <span class='ocr_line' id='line_1_33' title="bbox 187 2528 1735 2584; baseline -0.001 -12"><span class='ocrx_word' id='word_1_256' title='bbox 187 2531 324 2572; x_wconf 90' lang='lat' dir='ltr'>monis</span> <span class='ocrx_word' id='word_1_257' title='bbox 363 2528 686 2572; x_wconf 82' lang='lat' dir='ltr'>similitudinem</span> <span class='ocrx_word' id='word_1_258' title='bbox 724 2529 945 2583; x_wconf 87' lang='lat' dir='ltr'>delapsam</span> <span class='ocrx_word' id='word_1_259' title='bbox 982 2542 1087 2572; x_wconf 90' lang='lat' dir='ltr'>esse.</span> <span class='ocrx_word' id='word_1_260' title='bbox 1151 2530 1325 2584; x_wconf 87' lang='lat' dir='ltr'>Insigne</span> <span class='ocrx_word' id='word_1_261' title='bbox 1362 2530 1486 2572; x_wconf 89' lang='lat' dir='ltr'>huius</span> <span class='ocrx_word' id='word_1_262' title='bbox 1524 2529 1585 2571; x_wconf 90' lang='lat' dir='ltr'>rei</span> <span class='ocrx_word' id='word_1_263' title='bbox 1620 2530 1735 2571; x_wconf 87' lang='lat' dir='ltr'>testi-</span> 
     </span>
     <span class='ocr_line' id='line_1_34' title="bbox 182 2590 1733 2654; baseline -0.002 -13"><span class='ocrx_word' id='word_1_264' title='bbox 182 2599 367 2642; x_wconf 89' lang='lat' dir='ltr'>monium</span> <span class='ocrx_word' id='word_1_265' title='bbox 405 2597 620 2641; x_wconf 84' lang='lat' dir='ltr'>invenitur</span> <span class='ocrx_word' id='word_1_266' title='bbox 658 2596 701 2639; x_wconf 89' lang='lat' dir='ltr'>in</span> <span class='ocrx_word' id='word_1_267' title='bbox 729 2596 1028 2652; x_wconf 83' lang='lat' dir='ltr'>Gortyniorum</span> <span class='ocrx_word' id='word_1_268' title='bbox 1062 2597 1267 2654; x_wconf 90' lang='lat' dir='ltr'>dialecto,</span> <span class='ocrx_word' id='word_1_269' title='bbox 1302 2590 1429 2653; x_wconf 86' lang='lat' dir='ltr'>quam</span> <span class='ocrx_word' id='word_1_270' title='bbox 1457 2610 1533 2654; x_wconf 83' lang='lat' dir='ltr'>per</span> <span class='ocrx_word' id='word_1_271' title='bbox 1559 2596 1733 2639; x_wconf 90' lang='lat' dir='ltr'>nonnul-</span> 
     </span>
     <span class='ocr_line' id='line_1_35' title="bbox 183 2665 1735 2720; baseline -0.001 -11"><span class='ocrx_word' id='word_1_272' title='bbox 183 2667 315 2709; x_wconf 91' lang='lat' dir='ltr'>lorum</span> <span class='ocrx_word' id='word_1_273' title='bbox 334 2666 597 2709; x_wconf 87' lang='lat' dir='ltr'>saeculorum</span> <span class='ocrx_word' id='word_1_274' title='bbox 617 2665 767 2707; x_wconf 91' lang='lat' dir='ltr'>seriem</span> <span class='ocrx_word' id='word_1_275' title='bbox 785 2666 982 2720; x_wconf 89' lang='lat' dir='ltr'>persequi</span> <span class='ocrx_word' id='word_1_276' title='bbox 1000 2666 1109 2708; x_wconf 92' lang='lat' dir='ltr'>licet.</span> <span class='ocrx_word' id='word_1_277' title='bbox 1141 2666 1245 2709; x_wconf 92' lang='lat' dir='ltr'>Cum</span> <span class='ocrx_word' id='word_1_278' title='bbox 1264 2666 1377 2709; x_wconf 90' lang='lat' dir='ltr'>enim</span> <span class='ocrx_word' id='word_1_279' title='bbox 1395 2665 1735 2720; x_wconf 88' lang='lat' dir='ltr'>antiquissimum</span> 
     </span>
     <span class='ocr_line' id='line_1_36' title="bbox 182 2732 1732 2786; baseline -0.002 -9"><span class='ocrx_word' id='word_1_280' title='bbox 182 2749 265 2777; x_wconf 92' lang='lat' dir='ltr'>non</span> <span class='ocrx_word' id='word_1_281' title='bbox 311 2734 445 2777; x_wconf 91' lang='lat' dir='ltr'>solum</span> <span class='ocrx_word' id='word_1_282' title='bbox 489 2734 634 2785; x_wconf 89' lang='lat' dir='ltr'>huius,</span> <span class='ocrx_word' id='word_1_283' title='bbox 690 2732 766 2775; x_wconf 88' lang='lat' dir='ltr'>sed</span> <span class='ocrx_word' id='word_1_284' title='bbox 809 2733 936 2775; x_wconf 90' lang='lat' dir='ltr'>totius</span> <span class='ocrx_word' id='word_1_285' title='bbox 975 2733 1164 2777; x_wconf 85' lang='lat' dir='ltr'>Creticae</span> <span class='ocrx_word' id='word_1_286' title='bbox 1206 2733 1379 2777; x_wconf 89' lang='lat' dir='ltr'>dialecti</span> <span class='ocrx_word' id='word_1_287' title='bbox 1415 2733 1732 2786; x_wconf 87' lang='lat' dir='ltr'>documentum,</span> 
     </span>
     <span class='ocr_line' id='line_1_37' title="bbox 183 2800 1734 2857; baseline -0.002 -12"><span class='ocrx_word' id='word_1_288' title='bbox 183 2803 295 2857; x_wconf 87' lang='lat' dir='ltr'>quod</span> <span class='ocrx_word' id='word_1_289' title='bbox 313 2817 396 2844; x_wconf 92' lang='lat' dir='ltr'>non</span> <span class='ocrx_word' id='word_1_290' title='bbox 417 2802 626 2845; x_wconf 86' lang='lat' dir='ltr'>recentius</span> <span class='ocrx_word' id='word_1_291' title='bbox 649 2813 742 2843; x_wconf 91' lang='lat' dir='ltr'>esse</span> <span class='ocrx_word' id='word_1_292' title='bbox 754 2800 1009 2855; x_wconf 91' lang='lat' dir='ltr'>Olympiade</span> <span class='ocrx_word' id='word_1_293' title='bbox 1028 2802 1380 2857; x_wconf 85' lang='lat' dir='ltr'>quinquagesima</span> <span class='ocrx_word' id='word_1_294' title='bbox 1398 2802 1504 2857; x_wconf 90' lang='lat' dir='ltr'>ipsis</span> <span class='ocrx_word' id='word_1_295' title='bbox 1519 2801 1734 2843; x_wconf 87' lang='lat' dir='ltr'>literarum</span> 
     </span>
     <span class='ocr_line' id='line_1_38' title="bbox 183 2867 1732 2925; baseline -0.001 -14"><span class='ocrx_word' id='word_1_296' title='bbox 183 2871 327 2913; x_wconf 86' lang='lat' dir='ltr'>formis</span> <span class='ocrx_word' id='word_1_297' title='bbox 355 2871 558 2925; x_wconf 87' lang='lat' dir='ltr'>probatur</span> <span class='ocrx_word' id='word_1_298' title='bbox 573 2873 629 2922; x_wconf 90' lang='lat' dir='ltr'>(v.</span> <span class='ocrx_word' id='word_1_299' title='bbox 648 2867 890 2922; x_wconf 82' lang='lat' dir='ltr'>Kirchhoff,</span> <span class='ocrx_word' id='word_1_300' title='bbox 915 2868 1032 2911; x_wconf 87' lang='lat' dir='ltr'>Stud.</span> <span class='ocrx_word' id='word_1_301' title='bbox 1055 2883 1127 2912; x_wconf 88' lang='lat' dir='ltr'>zur</span> <span class='ocrx_word' id='word_1_302' title='bbox 1146 2869 1297 2913; x_wconf 81' lang='lat' dir='ltr'>Geseh.</span> <span class='ocrx_word' id='word_1_303' title='bbox 1315 2869 1355 2911; x_wconf 93' lang='lat' dir='ltr'>d.</span> <span class='ocrx_word' id='word_1_304' title='bbox 1376 2868 1533 2924; x_wconf 86' lang='lat' dir='ltr'>griech.</span> <span class='ocrx_word' id='word_1_305' title='bbox 1550 2868 1732 2923; x_wconf 86' lang='lat' dir='ltr'>Alphab.</span> 
     </span>
    </p>
   </div>
  </div>
 </body>
</html>
