1964 3184
831 187 1108 228 -34--

184 292 351 347 gorium
399 292 662 336 Corinthium
711 292 895 335 tribuere
950 290 1017 330 διὰ
1059 290 1214 338 παντὸς
1263 289 1365 339 αι’ές,
1419 290 1466 330 τὸ
1513 290 1554 330 ἐν
1595 290 1647 339 ἐς.
1689 291 1738 331 τὸ

183 358 259 411 μὲν
287 359 373 412 μὲς.
1095 411 1098 413 -

297 426 512 483 ἒναύρω·
543 429 662 482 πρωΐ.
695 429 871 482 Κρῆτες.
903 426 1088 483 Hesych.
1129 426 1348 470 Adverbia
1375 427 1419 469 in
1447 442 1480 467 ω
1499 427 1739 470 desinentia

184 501 355 553 praeter
382 495 494 537 κάτω
520 502 562 539 et
583 495 716 537 ἐπάνω
739 497 784 538 in
800 495 979 539 Creticis
996 495 1131 537 titulis
1149 498 1318 537 exstant
1332 497 1469 535 τουτῶ
1486 497 1542 548 (v.
1558 494 1737 537 Ahrens.

184 565 224 608 d.
258 565 298 608 d.
328 566 429 610 Dor.
460 580 500 621 p.
530 567 620 607 374.
678 564 889 608 Koenium
917 564 974 606 ad.
1004 563 1131 618 Greg.
1161 563 1255 606 Cor.
1286 577 1327 619 p.
1354 564 1464 615 353).
1497 563 1543 607 C.
1569 564 1601 606 Ι.
1618 565 1736 612 2554,

188 636 275 674 112.
322 636 410 675 121.
458 636 543 675 123.
592 636 675 675 163.
711 636 768 685 (V.
796 633 999 675 Zeitschr.
1040 632 1180 674 f.A1t.
1219 632 1333 673 1840.
1382 635 1468 673 110.
1507 645 1548 686 p.
1576 632 1647 673 901
1696 635 1739 674 et

184 701 448 744 Boeckhium
487 702 532 743 in
562 702 607 745 C.
636 702 668 743 I.
698 701 751 743 II.
789 714 830 757 p.
865 702 1005 755 1100),
1055 699 1160 740 τῶδε
1189 698 1235 742 C.
1267 699 1298 741 Ι.
1328 699 1446 739 2554.
1492 699 1582 752 158;
1616 699 1737 751 θηνῶ

186 784 263 825 pro
292 773 403 823 τηνῶ
434 771 480 813 C.
510 772 543 813 I.
574 772 691 810 2554.
725 770 812 810 163.

295 834 703 889 ἓπαποδρόμιον·
735 835 760 890 ἡ
790 835 920 889 ἱέρεια.
952 836 1064 890 παρὰ
1094 835 1266 890 Κρησίν.
1295 835 1476 892 Hesych.
1522 836 1652 878 Recte
1679 835 1737 877 ad

185 907 295 947 hanc
333 906 520 959 glossam
558 909 856 947 commemorat
890 906 932 947 M
979 904 1237 948 Schmidtius
1275 901 1445 957 ὁρόμοι,
1490 900 1733 956 ἅπόὸρομοι,

185 970 442 1025 ὄεκάδρομοι.
487 972 578 1015 Nec
607 972 732 1015 facile
763 973 855 1014 eius
883 972 1132 1015 correctioni
1161 968 1333 1026 ἑταιρεία
1355 985 1431 1027 pro
1461 969 1578 1024 ἱέρεια
1606 970 1735 1013 aliam

185 1045 404 1096 praestare
434 1041 605 1089 dixeris,
637 1044 683 1082 ut
702 1041 758 1082 sit
777 1054 881 1094 grex
901 1041 1309 1083 adulescentulorum
1330 1042 1431 1094 (τῶν
1452 1036 1734 1093 ἀποδρόμων).

184 1109 481 1152 Voretzschius
496 1108 604 1151 falso
620 1108 832 1151 Creticam
854 1106 1010 1163 ἔφηβος
1032 1108 1216 1151 nominis
1233 1108 1411 1151 formam
1432 1106 1585 1156 ἕπαπος
1600 1107 1736 1150 finxit.

291 1175 646 1229 Ἐπιρνύτιος·
685 1177 791 1223 Ζεὺς
819 1177 859 1216 ἓν
889 1174 1052 1230 Κρήτῃ.
1080 1176 1262 1230 Hesych.
1318 1178 1356 1218 A
1384 1176 1592 1219 vocabulo
1622 1174 1734 1228 ῗρνυς

184 1259 260 1300 pro
292 1243 406 1298 ἔρνος
435 1245 651 1300 provenit;
679 1243 729 1286 cf.
759 1240 886 1297 ἄγδυς
914 1257 990 1298 pro
1018 1240 1150 1297 ἄγγος.
1207 1244 1273 1286 De
1300 1260 1311 1282 ι
1340 1256 1416 1298 pro
1440 1258 1456 1282 ε
1481 1242 1619 1297 posito
1650 1242 1734 1285 dis-

182 1313 315 1354 seruit
343 1312 639 1354 Voretzschius
667 1311 721 1353 de
749 1312 872 1353 inser.
905 1311 1014 1353 Cret.
1044 1325 1084 1365 p.
1114 1313 1160 1351 21
1195 1324 1284 1365 sqq.

291 1376 716 1431 Ἐπιστατήριος·
747 1378 854 1425 Ζεὺς
883 1378 923 1417 ἓν
957 1376 1117 1433 Κρήτῃ.
1149 1378 1331 1433 Hesych-

291 1447 599 1501 ἕργατῶνες·
633 1445 668 1486 οἶ
696 1447 736 1486 ἐν
764 1452 850 1494 τοῖς
874 1444 1014 1500 οἷγροῖς
1043 1444 1173 1495 τότ’τοι,
1206 1444 1308 1485 ἔνθα
1338 1444 1374 1485 οἱ
1395 1444 1540 1486 οἰκέται
1560 1447 1732 1497 κοιμῶν-

181 1532 266 1564 ται,
306 1513 342 1554 οἳ
378 1515 490 1568 παρὰ
521 1512 718 1562 Ἀττικοῖς
758 1514 1006 1568 ἐρχατῶνες.
1043 1514 1154 1567 παρὰ
1185 1513 1227 1553 δὲ
1256 1514 1418 1567 Κρησὶν
1445 1511 1668 1568 ἕργάτωνες
1696 1512 1732 1553 οἱ

181 1584 241 1623 ἐπὶ,
272 1585 346 1635 τῆς
366 1585 503 1636 ταφῆς
534 1585 617 1622 τῶν
648 1580 909 1635 τεθνηκότων
933 1581 1179 1636 τεταγμένοι.
1231 1582 1329 1624 Non
1352 1582 1600 1625 contulerim
1622 1581 1732 1637 glos-

181 1665 273 1693 sam
308 1650 364 1691 ad
404 1648 554 1703 ἕργμα,
593 1650 706 1704 quod
744 1663 819 1705 pro
858 1650 1051 1704 sepulcro
1080 1649 1239 1692 dictum
1267 1663 1361 1693 esse
1387 1650 1442 1693 M.
1473 1649 1732 1693 Schmidtius

180 1719 407 1760 existimat.
438 1718 565 1775 Soph.
596 1719 693 1759 Ant.
723 1732 761 1759 V.
792 1719 890 1758 848:
921 1718 1025 1770 πρός
1053 1717 1178 1771 ἕργμα
1206 1721 1263 1770 (v,
1285 1718 1311 1761 l.
1342 1717 1462 1771 ἕρμα)
1490 1715 1629 1772 τάφου
1656 1733 1732 1758 πο-

181 1785 338 1825 ταινίου
364 1785 445 1826 huc
474 1798 556 1826 non
587 1785 782 1839 pertinet.
849 1786 938 1826 Imo
974 1785 1097 1826 solito
1126 1786 1171 1826 in
1201 1776 1267 1827 his
1295 1786 1421 1828 rebus
1444 1786 1732 1840 euphemismo

181 1854 365 1909 operarii
395 1857 600 1895 vocantur
628 1853 894 1907 vespillones.
925 1850 1107 1906 ἐργάτων
1137 1857 1200 1895 est
1232 1866 1308 1908 pro
1334 1850 1525 1906 ἐργάτης,
1550 1856 1595 1895 ut
1623 1849 1731 1906 ἀμή-

181 1936 305 1973 τορας
336 1934 411 1975 pro
442 1918 669 1974 ἀμητῆρας,

286 1988 597 2041 Ἑταιρεῖος·
626 1988 730 2035 Ζεὺς
759 1988 798 2027 ἐν
825 1985 985 2042 Κρήτῃ.
1016 1987 1198 2043 Hesych.
1252 1987 1369 2031 Suid.
1398 1988 1453 2030 Π.
1482 2002 1523 2044 p.
1552 1988 1645 2043 569,
1677 1991 1711 2029 1.

286 2053 399 2096 εὔα·
445 2056 488 2096 ἔα
516 2062 558 2098 et
586 2053 796 2096 aez’y'aoov·
839 2054 960 2095 ἔασον
988 2056 1217 2110 Gregorius
1250 2056 1492 2099 Corinthius
1521 2057 1728 2100 Cretensi-

176 2126 254 2168 bus
280 2125 473 2167 vindicat
501 2139 538 2167 v.
570 2126 627 2179 gl.
652 2122 854 2175 ἅπεξέβαι.

284 2191 499 2240 εὕειόἐς·
538 2190 821 2245 εὐπρόσωπον.
849 2192 977 2234 Arist.
1007 2192 1122 2234 Poet.
1157 2205 1190 2234 c.
1222 2194 1287 2234 25.
1316 2195 1437 2246 1461,
1482 2196 1541 2236 14.
1573 2194 1621 2234 τὸ
1651 2194 1727 2247 γὰρ

176 2260 447 2313 εὐπρόσωπον
478 2261 513 2301 οἱ
546 2262 709 2315 Κρῆτες
735 2258 878 2307 εὐειδὲς
908 2261 1120 2300 καλοῦσιν.
1148 2260 1195 2302 cf.
1222 2257 1327 2308 εἶδος
1353 2261 1549 2304 vocabuli
1571 2261 1730 2317 Signifi-

176 2330 387 2372 cationem
420 2330 703 2372 Homericam.

285 2396 396 2437 εὕῶ·
428 2398 475 2437 τὰ
508 2395 759 2448 εὐωχεῖσθαι
791 2396 1001 2438 Creticum
1031 2401 1098 2438 est
1125 2400 1232 2439 teste
1261 2397 1467 2452 Gregorio
1496 2397 1726 2441 Corinthio.

286 2464 445 2517 ἔχονι·
486 2462 638 2516 ἔχουσι.
674 2465 851 2517 Κρῆτες.
881 2465 1063 2520 Hesych.
1118 2465 1272 2509 Glossa
1306 2467 1379 2509 vix
1417 2470 1529 2510 recte
1569 2465 1728 2510 tradita

174 2547 267 2576 esse
297 2532 489 2589 putanda
517 2538 589 2575 est.
637 2534 722 2574 Aut
753 2533 867 2575 enim
896 2546 972 2588 pro
1001 2534 1125 2575 tertia
1153 2547 1335 2589 persona
1365 2534 1542 2590 pluralis
1563 2534 1726 2577 numeri

173 2602 394 2643 indicativi
422 2606 507 2654 est,
538 2615 647 2655 quae
676 2601 841 2644 Cretice
872 2600 1004 2652 ἔχοντι
1036 2607 1178 2655 sonat,
1208 2607 1282 2644 aut
1309 2616 1384 2658 pro
1412 2603 1558 2645 dativo
1586 2602 1725 2657 plura-

175 2670 225 2711 lis
254 2669 494 2724 participii,
537 2669 656 2711 cuius
694 2670 833 2711 forma
869 2683 966 2712 vere
997 2670 1164 2712 Cretica
1203 2674 1268 2712 est
1296 2668 1444 2722 ἔχονσι.
1503 2670 1658 2723 Quam,
1689 2670 1725 2712 si

172 2739 428 2780 mni-«mione
459 2751 565 2792 opus
595 2739 687 2792 erit,
714 2739 935 2781 restituere
965 2738 1108 2780 malim
1140 2738 1367 2781 Ahrentem
1397 2742 1563 2781 secutus
1594 2736 1650 2789 (d.
1683 2737 1722 2779 d.

172 2806 260 2848 Dor
291 2819 329 2861 p.
352 2807 443 2858 lm)
474 2818 601 2859 quam
630 2804 774 2859 ἔχοντι.
825 2807 938 2849 Nam
967 2804 1099 2859 ἔχοντι
1122 2819 1205 2849 non
1221 2806 1485 2850 Cretensium
1508 2806 1724 2862 proprium

172 2880 254 2928 est,
282 2874 358 2917 sed
389 2874 574 2917 omnium
602 2875 885 2919 Doriensium.
