1964 3184
862 164 1129 204 ...17—

220 268 387 311 Deinde
416 282 470 312 ne
501 285 513 308 ι
541 268 724 323 quidem,
755 269 867 323 quod
887 281 1016 324 saepe
1042 269 1086 310 in
1108 268 1275 310 Cretica
1294 267 1441 321 lingua
1462 267 1631 321 ponitur
1647 280 1723 321 pro
1742 282 1771 319 ε,

220 337 299 380 hac
328 336 467 380 vocali
499 335 712 390 antiquior
737 339 819 391 est;
847 336 893 378 id
920 336 1032 390 quod
1068 339 1248 392 apparet
1285 348 1337 377 ex
1366 334 1512 376 formis
1541 332 1664 386 ἴωμεν
1694 348 1770 389 pro

222 402 348 457 ἕωμεν
376 418 414 447 v.
446 396 555 456 ὦμεν
584 403 645 456 (c.
678 404 710 445 Ι.
739 404 865 458 3048,
896 406 958 445 32.
1003 405 1127 458 3052,
1158 406 1221 444 27.
1261 404 1388 458 3058,
1420 404 1505 456 12),
1542 400 1667 449 ἰόντες
1696 416 1771 457 pro

220 470 352 519 ἐόντες
381 486 417 515 v.
448 468 561 519 ὄντες
590 471 690 524 (Mn.
709 472 780 527 VI,
812 473 878 526 7),
909 470 1043 523 ἁμίων
1071 473 1132 524 (Ο,
1158 473 1185 513 Ι.
1204 474 1321 524 3047,
1350 473 1401 512 26
1429 471 1487 524 P),
1519 471 1772 523 Κρητογενιά

220 540 282 592 (C.
315 541 348 582 I.
386 541 513 593 2554,
559 541 667 592 177),
706 536 838 579 uadum
874 553 950 594 pro
972 544 1129 595 ’,κεῖνται
1167 540 1246 590 (tit.
1286 540 1452 593 Bergm.
1493 540 1585 592 22),
1621 538 1771 591 τίριος·

221 605 422 660 θέρου[ς].
457 607 629 659 Κρῆτες.
668 606 867 661 Hesyeh.‚
905 607 950 647 in
986 606 1138 660 quibus
1175 607 1368 648 omnibus
1406 606 1523 647 nulla
1562 606 1771 647 dubitatio

221 674 489 728 relinquitur,
526 674 627 728 quin
665 689 681 712 ε
720 674 932 728 antiquior
967 673 1091 715 litera
1127 674 1192 716 sit.
1274 675 1462 727 Itemque
1500 672 1771 715 iudicandum

222 745 287 785 est
315 741 369 784 de
397 741 538 784 verbis
576 742 801 784 contractis
838 745 879 784 et
915 741 1066 784 futuris
1099 742 1142 783 in
1171 740 1223 781 ἕω
1260 742 1534 795 exeuntibus,
1571 741 1642 795 qui
1671 755 1772 782 non-

221 823 449 864 numquam
478 811 522 851 in
548 810 740 853 Creticae
764 810 936 865 linguae
963 810 1242 853 monumentis
1274 810 1317 851 in
1346 809 1392 849 ιίυ
1420 809 1630 862 finiuntur,
1656 809 1772 851 velut

222 875 477 933 κορμιόντων
511 882 553 921 et
586 875 844 931 κοσμιόντων
878 878 957 931 (tit.
995 878 1157 934 Bergm.
1196 880 1231 918 4.
1273 878 1389 920 Drer.
1427 881 1462 918 4.
1509 878 1550 920 C.
1582 879 1610 919 I.
1653 879 1771 931 3049,

227 950 273 987 15
305 947 377 995 al.)
406 944 664 1000 ὁρμωμένων
691 946 753 999 (C.
775 948 806 988 I.
834 948 952 998 3048,
986 948 1045 987 33.
1078 948 1194 1000 3058,
1230 949 1314 1000 13),
1352 945 1527 1000 ἄλγιόντι
1557 947 1616 998 (in
1644 947 1769 1001 epist.

223 1014 409 1069 Epim.),
451 1012 698 1066 οἷποθυμίω·
744 1012 973 1069 ἀποφαίνω.
1020 1015 1192 1068 Κρῆτες.
1242 1014 1423 1069 Hesych.
1506 1014 1769 1068 Quamquam

224 1081 389 1122 Ahrens
426 1082 664 1136 suspicatus
701 1089 764 1123 est
804 1082 880 1123 has
916 1095 1008 1124 esse
1037 1083 1215 1124 Doricas
1253 1082 1540 1136 diphthongos
1571 1098 1608 1121 ιο
1637 1086 1680 1124 et
1709 1098 1769 1121 ιω.

225 1147 311 1190 Sed
344 1161 449 1202 quas
489 1148 610 1191 affert
651 1148 774 1190 huius
804 1149 1039 1192 sententiae
1064 1162 1236 1203 causas,
1277 1149 1389 1203 quod
1425 1162 1653 1202 numquam
1688 1150 1770 1190 nisi

226 1218 324 1256 ante
354 1230 375 1254 ο
412 1216 480 1257 vel
511 1232 544 1256 ω
579 1217 658 1258 hoc
696 1234 706 1255 ι
737 1230 812 1271 pro
841 1232 856 1255 ε
886 1221 1066 1271 ponatur
1101 1221 1143 1258 et
1181 1217 1293 1269 quod
1330 1217 1501 1271 saepius
1530 1232 1578 1256 ιω
1607 1217 1773 1271 vulgari

226 1299 267 1323 εο
297 1283 572 1339 respondeat,
612 1296 688 1325 eae
725 1297 808 1325 non
848 1283 1004 1326 cadunt
1040 1284 1085 1325 in
1119 1284 1327 1326 Creticam
1366 1283 1604 1325 dialectum.
1662 1285 1773 1326 Nam

226 1355 268 1393 et
296 1364 462 1406 semper
491 1367 527 1391 ιο
557 1364 609 1393 ex
640 1366 701 1400 eo,
741 1366 789 1390 ιω
823 1364 874 1393 ex
905 1367 956 1391 εω
990 1356 1135 1393 natum
1175 1356 1240 1394 est
1265 1365 1401 1405 neque
1437 1352 1481 1393 in
1510 1351 1775 1404 ἐπιορκίοιμεν

230 1419 308 1470 (tit.
346 1419 513 1474 Bergm.
552 1419 577 1460 l.
618 1420 686 1472 72)
733 1418 859 1462 video
896 1418 1104 1473 quomodo
1142 1417 1451 1473 diphthongum
1492 1419 1684 1461 efficiam.
1728 1445 1742 1448 -»

227 1488 341 1529 Inter
368 1487 474 1529 haec
498 1487 817 1542 depravationis
845 1488 1041 1542 exempla
1067 1491 1287 1542 praeterea
1316 1488 1536 1529 referenda
1564 1492 1629 1530 est
1653 1488 1774 1542 quasi

228 1554 393 1597 obtusio
421 1554 632 1608 quaedam
659 1554 880 1607 vocalium,
909 1567 1017 1607 quae
1048 1555 1126 1596 etsi
1157 1554 1280 1595 huius
1310 1554 1481 1597 dialecti
1506 1569 1588 1597 non
1608 1569 1777 1610 prorsus

229 1622 422 1677 propria,
459 1626 600 1664 tamen
638 1623 682 1664 in
721 1636 773 1665 ea
809 1622 935 1680 paulo
975 1622 1168 1664 usitatior
1205 1626 1279 1664 est.
1339 1622 1458 1673 Quae
1498 1623 1703 1677 digammi
1736 1628 1779 1665 et

227 1693 269 1741 β,
300 1706 341 1740 π,
375 1706 406 1744 φ
436 1690 504 1733 vel
535 1705 558 1744 ρ
590 1694 632 1733 et
662 1693 685 1729 λ
715 1690 1034 1733 consonantium
1063 1691 1105 1733 vi
1133 1690 1317 1732 maxime
1346 1691 1459 1733 facta
1486 1704 1579 1733 esse
1598 1691 1776 1733 videtur.

200 1757 306 1800 ,Est
342 1758 453 1800 enim
491 1755 772 1812 α’πογρόφονσι
812 1759 855 1800 in
894 1758 953 1800 tit.
995 1759 1159 1813 Bergm.
1190 1760 1239 1798 55
1277 1757 1326 1800 cf.
1357 1758 1548 1803 Ahrens„
1573 1758 1612 1799 d.
1653 1758 1694 1800 d.
1726 1759 1779 1812 D,

229 1840 269 1882 p.
303 1827 379 1867 120
409 1829 451 1868 et
483 1826 562 1867 582
593 1830 635 1869 et
667 1824 907 1881 συγγράφοι)
936 1827 978 1868 in
1008 1826 1069 1868 tit.
1092 1826 1302 1868 Hermion.
1335 1826 1449 1881 apud
1470 1826 1777 1881 Rhangabeum

228 1895 272 1935 in
293 1895 390 1936 Ant.
410 1895 516 1937 Hell.
537 1895 591 1936 II.
610 1896 725 1935 2347.
752 1909 790 1949 p.
814 1896 907 1948 1093
937 1892 1135 1946 (ἰβλοπές-
1160 1892 1349 1945 ἀβλαβές.
1380 1895 1551 1948 Κρῆτες.
1571 1895 1777 1950 Hesych.;

229 1959 361 2001 πύτνα
389 1974 464 2016 pro
491 1960 619 2020 πέτρα
648 1962 690 2003 ἰη
708 1959 945 2014 Ἶεράπυτνα
975 1966 1016 2004 et
1045 1963 1089 2003 in
1117 1962 1358 2004 nominibus
1385 1962 1567 2016 propriis
1586 1960 1777 2015 Λαγινό-

230 2044 359 2069 πυτον
388 2028 432 2071 C.
465 2029 495 2069 I.
524 2030 643 2070 2554.
674 2030 747 2069 153
776 2033 818 2071 et
848 2026 1175 2069 ,Μεταλλόπυτον
1204 2030 1245 2072 C.
1279 2030 1307 2070 Ι.
1338 2031 1455 2070 2554.
1487 2031 1584 2083 155,
1612 2028 1776 2084 &pebrac

231 2110 307 2152 pro
332 2094 473 2152 ἐφέται
500 2100 546 2139 ut
574 2096 741 2139 videtur
776 2097 821 2138 in
848 2097 909 2139 tit.
941 2097 1091 2140 Drerio
1129 2101 1170 2139 et
1194 2098 1237 2138 in
1268 2096 1457 2141 eiusdem
1487 2097 1598 2139 tituli
1630 2097 1778 2152 lingua

232 2169 278 2207 ut
303 2165 484 2207 dilatata
512 2169 554 2207 et
577 2164 809 2208 horridiore
834 2166 1173 2220 pronuntiatione
1193 2165 1350 2207 eximia
1380 2161 1520 2218 οὕρκια
1549 2169 1624 2220 pro
1649 2161 1778 2220 ὅρκια,

234 2229 401 2287 οὖρεύω,
434 2231 727 2287 ἐγγαυομένους
762 2236 855 2288 (pro
892 2246 974 2288 quo
1012 2237 1152 2276 tamen
1180 2232 1422 2275 Dethierius
1461 2236 1572 2275 recte
1601 2233 1779 2276 tortasse

232 2295 412 2344 coniecit
443 2300 739 2352 ἐνδυομένους).
796 2302 1022 2356 Digammo
1056 2302 1161 2344 haee
1191 2301 1355 2344 obtusio
1386 2300 1611 2344 tribuenda
1639 2305 1703 2344 est
1733 2302 1777 2344 in

231 2369 424 2418 Ἑαυξίων
449 2382 526 2425 pro
562 2382 644 2423 quo
684 2369 884 2411 usitatum
915 2369 1044 2411 etiam
1084 2374 1148 2412 est
1182 2368 1358 2418 Εαξίων,
1394 2369 1605 2423 antiquior
1643 2373 1689 2411 ut
1723 2382 1777 2411 ex

223 2434 376 2486 ’Όαξος
403 2440 583 2494 apparet
611 2437 756 2480 forma.
813 2434 1038 2486 Ἐλευθύας
1063 2442 1205 2480 tamen
1232 2437 1483 2480 vocabulum
1515 2437 1576 2489 (C.
1603 2437 1634 2478 Ι.
1660 2438 1781 2492 3058,

237 2507 304 2556 19)
334 2506 402 2549 vel
429 2502 647 2546 Ἐλεύθυια
684 2506 804 2555 (Rev.
842 2506 955 2549 arch.
999 2507 1110 2548 1864,
1139 2506 1201 2560 ΙΙ,
1232 2520 1269 2561 p.
1301 2507 1371 2556 76)
1405 2519 1488 2548 non
1518 2495 1781 2548 Cretensium

235 2574 370 2618 solum
399 2578 510 2629 erat,
540 2587 635 2617 eum
660 2570 843 2614 Ἐλευθώ
873 2574 1040 2629 legatur
1067 2574 1111 2616 in
1139 2574 1259 2616 Pind.
1291 2574 1355 2617 Ol.
1385 2574 1458 2621 VI,
1486 2575 1552 2620 42.

343 2642 548 2696 Reliquae
564 2645 661 2684 sunt
678 2641 906 2684 nonnullae
923 2642 1084 2685 formae
1100 2642 1361 2685 Cretensium
1379 2641 1552 2684 dialecti
1571 2643 1784 2698 propriae,

195 2700 197 2702 ¹
236 2723 345 2765 quae
374 2713 516 2752 tamen
544 2722 679 2764 neque
706 2709 751 2751 in
778 2710 1053 2752 vetustiorum
1080 2722 1217 2764 neque
1245 2710 1289 2750 in
1311 2709 1589 2751 recentiorum
1611 2723 1785 2753 numero

236 2769 350 2822 recte
374 2778 592 2821 habentur.
651 2777 743 2830 Quo
761 2791 814 2820 ex
831 2791 987 2832 genere
1016 2782 1080 2821 est
1110 2794 1158 2818 ου
1186 2791 1262 2833 pro
1289 2793 1331 2817 ευ
1356 2777 1539 2838 positum
1556 2778 1599 2820 in
1619 2777 1786 2822 duabus

236 2847 434 2902 vocibus,
484 2847 528 2889 in
569 2845 747 2897 ψουδία·
800 2846 948 2899 ’ψευδῆ
994 2847 1157 2902 Κρῆτες
1209 2845 1342 2899 (Suid.
1386 2849 1428 2889 et
1473 2845 1611 2899 Phot.)
1653 2850 1696 2890 et
1741 2847 1787 2889 in

1495 2930 1514 2961 3
