1964 3184
819 173 1089 213 -18-·-

179 275 469 326 ἓξοδουσάντες
499 291 573 333 pro
598 274 881 325 ἓξοὸεύσαντες
907 279 970 331 (C.
992 279 1024 320 Ι.
1056 279 1176 332 2556,
1205 279 1294 332 53),
1322 278 1505 332 itemque
1536 293 1572 317 οι
1602 291 1678 332 pro
1705 293 1731 317 v

179 346 419 390 adhibitum
454 347 499 388 in
539 345 714 386 Ποίτιον
749 360 824 402 pro
854 343 1027 386 Πύθιον
1064 347 1145 401 (tit.
1179 346 1298 389 Drer.
1331 348 1399 399 23)
1430 349 1473 389 et
1502 341 1731 399 ἅνθροισκα

178 429 256 470 pro
288 410 504 468 ἄνθρυσκα
542 428 580 456 v.
619 414 806 457 Bekkeri
845 414 1006 456 Anecd.
1038 415 1108 457 Gr.
1137 420 1185 469 p.
1216 416 1293 455 404
1323 415 1349 456 l.
1380 416 1443 456 22.
1498 414 1590 455 EM.
1627 426 1659 455 s.
1690 427 1730 455 v.

179 483 366 525 Vischer.
403 482 447 523 in
481 482 587 524 Mus.
624 481 758 524 Rhen.
798 482 913 523 1856.
951 495 992 536 p,
1030 483 1108 522 393
1144 495 1233 536 sqq.
1290 481 1452 524 Eodem
1488 481 1670 537 pertinet
1705 496 1732 519 a

179 553 280 592 ante
317 550 534 604 digamma
571 549 755 603 positum
793 551 885 604 (pro
922 562 1003 602 quo
1039 549 1164 603 epica
1198 549 1346 602 lingua
1375 562 1502 603 quam
1530 551 1685 591 vocant
1715 562 1731 587 ε

178 617 318 659 vocali
347 617 495 667 utitur)
536 617 581 657 in
608 616 813 658 vocabulo
842 611 1010 669 ἄερσαν·
1039 616 1114 668 τὴν
1141 613 1325 668 δρόσοι,
1345 616 1518 669 Κρῆτες.
1547 615 1731 670 Hesych.

178 684 261 725 Illa
296 688 439 726 tamen
486 683 539 725 de
584 696 668 737 qua
714 683 838 725 modo
884 682 1194 737 disputavimus
1240 682 1451 724 vocalium
1496 681 1732 735 obtusione,

179 764 308 805 quam
353 751 558 805 digammi
597 764 762 805 quoque
802 750 844 793 vi
885 749 975 792 fieri
1014 749 1250 804 docuimus,
1291 749 1469 803 accidit,
1507 753 1554 791 ut
1582 765 1608 788 α
1635 749 1680 791 in
1709 763 1731 788 ο

178 822 421 860 mutaretur.
478 818 584 860 Inde
616 822 708 860 orta
737 822 834 860 sunt
860 813 1230 876 vocabula’vagqg
1258 815 1311 860 et'
1327 817 1482 857 Ολίσσα
1498 830 1574 872 pro
1591 814 1731 864 Fd‘gog

177 889 221 928 et
249 885 423 938 Ελίσση.
480 885 552 928 Sic
580 886 692 927 enim
722 885 1041 928 diiudicandam
1074 898 1167 928 esse
1196 898 1346 928 censeo
1382 885 1498 927 illam
1526 883 1733 939 quaestio-

177 966 274 994 nem
304 953 357 994 de
395 966 481 1006 qua
516 953 719 994 acerrime
759 953 872 994 docti
912 953 1102 994 homines
1141 951 1465 1005 contenderunt,
1502 966 1602 994 num
1637 953 1681 993 in
1710 966 1732 990 o

178 1018 297 1061 abire
335 1019 470 1074 possit
505 1018 724 1073 digamma
758 1019 827 1062 vel
862 1031 1060 1073 umquam
1103 1019 1267 1062 abierit.
1353 1018 1520 1061 Deinde
1556 1019 1601 1060 in
1640 1031 1733 1074 pro-

178 1086 378 1128 ductione
416 1086 679 1140 suppletor-ia
715 1081 918 1128 nonnulla
967 1100 1138 1140 prorsus
1175 1087 1409 1140 singularia
1449 1087 1733 1129 inveniuntur.

176 1152 290 1195 Nam
316 1155 485 1207 praeter
510 1152 679 1195 solitum
706 1152 975 1195 Doriensium
1002 1165 1160 1195 morem
1189 1167 1215 1192 α
1243 1153 1288 1195 in
1318 1156 1355 1203 ἦ,
1387 1167 1403 1191 ε
1431 1152 1475 1194 in
1507 1168 1542 1206 η,
1573 1167 1595 1192 ο
1626 1152 1671 1194 in
1697 1166 1730 1192 ω

175 1220 439 1275 producendi
476 1220 563 1263 alia
610 1224 675 1263 est
713 1220 821 1263 ratio
858 1237 874 1260 ε
910 1221 955 1262 in
994 1236 1023 1260 ει
1060 1221 1253 1263 mutandi
1298 1223 1423 1275 (quae
1460 1220 1731 1263 Cretensibus

176 1300 271 1329 cum
301 1288 399 1329 aliis
429 1287 625 1329 dialectis
656 1288 889 1329 communis
917 1290 1011 1342 est),
1042 1303 1068 1326 α
1097 1289 1140 1329 in
1168 1303 1209 1326 αι
1238 1288 1282 1328 in
1308 1300 1412 1329 voce
1441 1287 1646 1340 Πριάισος
1677 1300 1730 1329 ex

175 1354 391 1407 Πριάνσος
420 1358 535 1409 nata,
566 1355 652 1397 oin
671 1370 708 1395 οι
738 1355 782 1397 in
799 1354 1002 1409 γεροίταν·
1030 1352 1209 1395 πάππον.
1242 1355 1403 1408 Κρῆτες
1430 1367 1507 1411 pro
1536 1351 1731 1409 γερόνταν

175 1423 302 1465 dicto.
360 1423 551 1464 Tertium
580 1426 644 1464 est
685 1422 809 1464 huius
838 1422 1128 1477 productionis
1166 1423 1451 1477 suppletoriae
1486 1435 1619 1476 genus
1648 1435 1731 1476 quo

176 1504 209 1548 a·
240 1489 286 1531 in
324 1504 399 1539 αυ,
441 1504 457 1528 ε
492 1489 537 1530 in
574 1504 617 1529 ευ
658 1493 844 1532 mutatur
889 1489 926 1531 si
971 1491 994 1528 λ
1037 1489 1197 1532 excidit
1236 1488 1287 1532 cf.
1315 1488 1519 1545 Hesychii
1546 1489 1730 1544 glossas:

176 1553 361 1607 α[ὖ]κάν·
391 1554 527 1608 ἀλκήν.
560 1558 737 1609 Κρῆτες.
782 1554 981 1596 αὖκύονα·
1019 1555 1207 1596 α’λκύονα.
1238 1558 1414 1609 Κρῆτες.
1460 1551 1592 1608 αῧμα·
1622 1553 1731 1609 ἅλμη

174 1622 256 1663 vino*
276 1624 467 1678 Κρητῶν.
498 1616 645 1671 misog-
667 1620 803 1672 ἄλσος.
830 1625 1003 1677 Κρῆτες.
1028 1621 1275 1678 θεύγεσθαι·
1296 1622 1533 1678 θέλγεσθαι.
1554 1625 1729 1677 Κρῆτες.

177 1691 297 1742 Quae
322 1692 500 1733 mutatio
530 1692 660 1733 etiam
690 1692 734 1733 in
763 1692 976 1734 nonnullis
1006 1692 1244 1734 recentibus
1274 1692 1433 1746 linguis
1460 1696 1507 1733 ut
1533 1693 1578 1734 in
1605 1693 1730 1734 Bata-

175 1771 323 1800 vorum
361 1758 555 1801 invaluit.
599 1782 650 1787 —
705 1758 874 1801 Deinde
922 1758 1183 1802 Cretensium
1229 1758 1403 1815 propria
1445 1762 1510 1801 est
1550 1759 1731 1814 genitivi

176 1827 408 1880 singularis
446 1826 772 1868 masculinorum
813 1827 1028 1868 nominum
1072 1827 1234 1881 primae
1264 1827 1561 1869 declinationis
1592 1828 1732 1869 termi-

175 1894 294 1936 natio
332 1908 393 1933 αω
434 1893 519 1935 iam
558 1894 730 1949 saepius
771 1897 1098 1936 commemorata
1124 1894 1169 1935 in
1198 1893 1404 1936 vocabulo
1435 1891 1644 1934 Βιδατάω.
1682 1919 1732 1924 -

175 1962 366 2015 Itemque
396 1962 483 2002 iam
512 1965 640 2002 antea
665 1975 980 2015 nonnumquam
1007 1962 1295 2004 accusativum
1311 1962 1456 2004 notavi
1484 1963 1634 2004 tertiae
1660 1963 1731 2004 de-

173 2028 416 2071 clinationis
444 2028 487 2069 in
516 2044 538 2066 ν
567 2032 804 2073 exeuntem,
837 2032 883 2070 ut
898 2026 1156 2082 Ἀγαθοκλῆν
1179 2028 1223 2071 C.
1247 2029 1418 2083 12558,
1446 2030 1491 2083 3;
1522 2030 1731 2082 Μενεκλῆν

172 2097 218 2139 C.
241 2097 273 2138 I.
293 2097 411 2143 3052,
443 2098 480 2148 7,
512 2097 576 2137 35.
607 2097 729 2137 3053.
753 2098 811 2136 A.
842 2099 908 2149 153
936 2096 1147 2135 Ποσειδᾶν
1170 2096 1214 2139 C.
1236 2098 1265 2138 I.
1285 2098 1403 2151 2554,
1441 2099 1537 2151 ‘1793
1567 2097 1731 2137 Λατῶν

171 2163 279 2216 c.,1.
309 2165 438 2216 2554,
474 2165 538 2204 50.
576 2165 640 2204 55.
675 2164 770 2216 180,
804 2163 849 2204 in
879 2163 1116 2218 Lyttiorum
1153 2163 1216 2205 tit.
1254 2176 1282 2205 a
1318 2163 1590 2206 Voretzschio
1626 2164 1731 2206 editi

169 2232 323 2286 prioris
362 2232 387 2273 l.
426 2234 464 2272 6.
531 2231 713 2271 Λατοῦν
749 2232 794 2272 in
832 2231 895 2273 tit.
936 2231 1054 2273 Drer.
1091 2231 1117 2272 1.
1154 2232 1218 2272 24.
1284 2228 1514 2285 Γόρτυναν,
1555 2231 1609 2274 de
1646 2245 1731 2286 qua

170 2298 306 2341 forma
320 2298 466 2354 Steph.
492 2298 593 2353 Byz.
624 2310 656 2340 s.
677 2311 714 2340 v.
743 2297 847 2353 φασὶ
876 2296 919 2337 δὲ
946 2298 1022 2351 τὴν
1050 2297 1271 2352 αἰτιατικὴν
1301 2296 1337 2337 οἱ
1364 2296 1439 2350 μὲν
1470 2295 1731 2351 δισυλλάβως

172 2364 352 2420 Γόρτυν,
395 2365 432 2407 οἳ
461 2365 504 2406 δὲ
530 2362 839 2420 τρισυλλάβως,
880 2363 1069 2419 Γόρτυνά
1098 2382 1140 2406 τε
1168 2363 1437 2419 τειχιόεσσαν,
1479 2366 1515 2407 οἱ
1552 2366 1595 2407 δὲ
1626 2364 1727 2421 Γόρ-

169 2449 296 2473 τυναν
327 2432 384 2481 ὥς
412 2430 578 2485 ἄμυναν
605 2433 656 2475 cf.
680 2433 874 2475 Eustath.
894 2435 986 2486 312,
1014 2435 1077 2473 41.
1114 2434 1226 2487 1468,
1254 2435 1318 2474 54.
1375 2434 1431 2477 Μ.
1449 2434 1729 2477 Schmidtium

169 2502 214 2544 in
232 2502 394 2545 Kuhnii
423 2501 530 2544 diar.
551 2502 650 2556 XII,
681 2516 720 2556 p.
740 2503 828 2543 216.
868 2501 917 2543 Η.
938 2501 1164 2544 Weberum
1192 2501 1237 2543 in
1256 2502 1406 2545 Philol.
1434 2502 1547 2544 1865.
1577 2516 1617 2558 p.
1639 2504 1729 2547 552.

166 2570 324 2612 Totum
354 2569 539 2623 denique
572 2570 684 2611 hunc
715 2569 1105 2611 commentariolum
1132 2568 1278 2611 finiam
1307 2570 1594 2624 singularibus
1622 2567 1729 2616 Ζεύς

165 2637 350 2680 nominis
380 2636 527 2679 formis
545 2636 734 2680 Creticis.
791 2636 869 2679 Est
897 2636 1011 2679 enim
1034 2634 1123 2675 Τάν
1150 2637 1194 2679 in
1223 2638 1405 2681 nummis
1433 2637 1549 2693 apud
1563 2637 1727 2680 Eckhe-

166 2704 270 2746 lium
296 2705 360 2758 II,
401 2718 440 2759 p.
467 2706 558 2746 301.
623 2706 739 2744 Τᾶνα
779 2708 824 2746 ut
861 2703 1031 2746 videtur
1070 2705 1115 2746 C.
1152 2705 1182 2746 1.
1222 2706 1341 2760 2555,
1381 2708 1421 2746 11
1467 2705 1726 2757 (Boeckhius

167 2770 320 2827 [Ζ]ἇνα
340 2772 551 2827 scripsit),
589 2773 705 2825 Τῆνα
724 2772 769 2814 in
788 2772 851 2814 tit.
872 2771 1107 2826 Lyttiorum
1117 2772 1435 2815 Voretzschiani
1458 2773 1483 2814 l.
1501 2775 1537 2812 5.
1585 2773 1727 2812 Ττῒψα

165 2838 211 2881 in
227 2839 290 2881 tit.
305 2840 471 2896 Bergm.
488 2840 515 2883 l.
537 2842 601 2895 60,
627 2841 693 2894 61,
713 2842 763 2881 77
786 2840 866 2894 bis,
885 2839 1068 2894 denique
1077 2840 1198 2894 Δῆνα
1214 2841 1258 2883 in
1274 2841 1491 2884 titDrerii
1505 2841 1533 2882 l.
1550 2841 1596 2881 16
1613 2842 1725 2883 et17.
