1964 3184
857 147 1123 188 -33-

332 255 567 311 dpdpcotg·
592 258 679 302 τοῖς
706 252 947 307 γυμνασίοις
974 252 1078 292 κατὰ
1108 252 1281 305 Κρῆτας
1309 253 1424 296 8ῃί(1,
1443 255 1475 295 Ι,
1505 268 1546 309 p,
1568 255 1680 294 1462,
1711 255 1762 297 ef,

224 327 280 383 gl.
307 323 543 381 οἷπόδρομοι
570 325 613 366 et
636 318 893 376 δεκάὸρομοι.

329 395 485 435 ὃῶλα·
514 385 613 434 ὦτα.
645 392 819 445 Κρῆτες.
846 390 1027 445 Hesych.

974 508 1020 551 Ε.

334 594 571 637 Εἴνατον·
600 591 729 641 τόπος
756 590 923 639 Λυκίας
954 590 1019 631 καὶ
1050 587 1232 645 Κρήτης.
1259 592 1442 648 Hesych.
1491 593 1635 648 Steph.
1667 595 1765 649 Byz.

226 665 320 708 EM.
345 666 438 717 302,
467 665 529 706 12.
559 663 611 706 cf.
641 662 819 705 Phavol'.
849 674 882 702 S.
911 674 951 702 V.
978 659 1164 700 Εἷνατιάε
1191 658 1365 707 Εἶνατος
1389 662 1467 714 γὰρ
1493 659 1620 709 τόπος
1652 661 1769 715 Κρή-

227 746 322 785 της,
366 728 469 771 ἔνθα
504 729 673 782 ἐτιμᾶτο
702 727 728 782 ἡ
755 727 957 767 memma.
1013 726 1134 778 Quae
1162 726 1394 782 Eileithyia
1421 741 1448 770 a
1476 729 1568 771 loco
1597 741 1768 772 venera-

228 800 357 843 tionis
385 797 570 845 Εἲνατίας
593 797 663 840 vel
690 795 884 842 Βινατιάς
909 808 1061 838 nomen
1088 795 1261 838 invenit.
1291 809 1330 837 v.
1356 796 1412 850 gl.
1440 794 1614 847 ἅβὲλιον.

337 861 612 920 Ἐλαφρός·
636 860 925 915 εὖβάστακτος,
955 863 1123 915 κοῦφος.
1154 856 1305 914 ἢΖεῦς
1336 861 1377 901 ἓν
1393 860 1557 918 Κρήτῃ.
1588 864 1770 919 Hesych.

338 933 426 974 ἔλα
433 949 464 986 χ
475 932 542 972 la·
573 929 708 985 ἔδάρη.
727 932 901 984 Κρῆτες.
917 929 1099 985 Hesych.
1141 930 1259 973 Haec
1287 930 1433 973 aoristi
1455 932 1618 986 passivi
1638 931 1772 974 forma

230 1000 417 1044 nondum
446 999 660 1056 explicata
687 1002 770 1052 est,
802 1010 1057 1053 quamquam
1087 997 1278 1039 nonnulli
1308 997 1497 1052 (Curtius
1524 999 1703 1055 Tempp.
1731 1003 1773 1042 et

231 1069 373 1113 Modd.
407 1082 448 1124 p.
480 1069 558 1110 329
588 1067 663 1111 sed
690 1081 730 1110 v.
753 1066 979 1109 Weberum
1007 1065 1052 1107 in
1080 1065 1230 1108 Philol.
1262 1067 1364 1107 1865
1395 1080 1436 1121 p.
1453 1069 1548 1117 554)
1577 1069 1771 1111 vetustis-

232 1138 383 1181 simam
419 1136 543 1179 huius
580 1135 781 1190 temporis
827 1134 1164 1176 terminationem
1198 1150 1210 1172 ι
1246 1134 1445 1177 habuisse
1492 1135 1771 1190 suspicantur.

233 1205 299 1248 De
325 1204 469 1247 radice
496 1204 617 1247 verbi
646 1217 685 1245 v.
714 1202 771 1257 gl.
801 1201 955 1249 λαυξία.

344 1268 613 1317 ἑλεπόλεις·
642 1266 931 1322 μηχανήματα,
965 1268 1001 1308 οἱ
1026 1269 1130 1322 κριοὶ
1157 1264 1183 1319 ἢ
1217 1266 1442 1321 οἱαδήποτε,
1474 1268 1527 1309 δι’
1557 1261 1614 1311 ὧν
1632 1270 1672 1310 αἶ
1697 1269 1773 1311 πό-

236 1341 314 1387 λεις
340 1340 650 1391 καθαιροῦνται.
680 1337 791 1391 παρὰ
813 1335 856 1376 δὲ
872 1336 1009 1390 Κρησὶ
1025 1337 1074 1377 τοὶ
1091 1338 1175 1377 τῶν
1193 1335 1383 1389 πολέμιον
1400 1333 1562 1391 ὄργανα.
1591 1338 1772 1394 Hesych.

346 1404 568 1446 ἴλλυσιν·
593 1403 793 1457 {mmo}
832 1405 1004 1458 Κρῆτες.
1034 1405 1215 1460 Hesych.
1257 1405 1308 1447 cf.
1337 1402 1489 1458 ἐγγόνοι
1517 1420 1593 1461 pro
1621 1404 1774 1460 ἔιγονοι

237 1475 283 1519 C.
304 1475 337 1517 Ῑ.
362 1475 480 1515 2559.
510 1474 547 1515 6.
591 1469 823 1525 ὑπεχθήται
854 1472 898 1515 C.
929 1473 961 1514 I.
992 1473 1108 1513 2556.
1143 1474 1205 1514 22.
1246 1471 1536 1525 ὑπεχθεσιῖιιων
1564 1475 1680 1515 2556.
1710 1477 1773 1516 25.

238 1540 488 1597 ἒχφερέσθαι
515 1541 599 1583 Mn.
629 1541 684 1582 II.
713 1541 750 1582 9.
814 1539 954 1591 Quare
981 1540 1033 1581 Μ.
1067 1540 1324 1582 Schmidtius
1352 1541 1624 1584 Cretensibus
1659 1543 1775 1584 attri-

238 1610 330 1652 buit
356 1609 486 1652 etiam
508 1608 587 1651 has
613 1607 814 1663 Hesychii
839 1607 1022 1661 glossas:
1052 1605 1284 1659 ἐχθειάσας·
1311 1604 1496 1660 μεγάλως
1523 1606 1775 1660 θαυμάσαςς

239 1676 371 1728 ἓχθοῖ·
402 1674 504 1725 {figam
532 1673 722 1727 ἓχθύσαι·
746 1674 947 1726 ἕξεμέσαις
976 1673 1152 1726 ἱ-’χλυσεν-
1182 1673 1349 1714 ἔκλυσεν.

354 1742 594 1792 ἔλλοπας·
632 1739 846 1798 ἇφώνουςτ
885 1743 1048 1796 Κρῆτες
1084 1742 1126 1782 δὲ
1163 1743 1225 1782 καὶ
1255 1743 1353 1789 τούς
1380 1740 1575 1797 ἀφώνους
1606 1742 1778 1792 ἔλλοπας

240 1812 286 1864 (i.
316 1824 352 1854 e.
390 1811 548 1866 pisces)
584 1809 768 1863 λέγουσιν
808 1811 901 1852 ΕΜ.
940 1812 1031 1864 331,
1068 1812 1130 1851 52.
1174 1811 1323 1852 Zonar.
1371 1824 1404 1853 c.
1436 1812 1527 1852 695.
1567 1812 1618 1853 cf.
1649 1813 1777 1867 Soph.

242 1879 309 1922 Ai.
343 1879 456 1920 1297.
514 1878 642 1920 Falso
670 1877 966 1921 Doderleinius
997 1878 1117 1919 Hom.
1153 1878 1218 1920 Gl.
1248 1879 1278 1919 Ι.
1309 1892 1349 1933 p.
1378 1881 1402 1919 5
1436 1876 1566 1928 ἔλλοψ
1595 1880 1650 1922 ab
1678 1875 1779 1919 ἄλα-

243 1949 314 1994 λος
340 1945 549 1989 deducere
575 1944 755 1988 videtur.

348 2010 611 2055 Ἑλλώτια·
641 2010 762 2067 ἑορτὴ
791 2010 994 2067 Εὐρώπης
1018 2012 1059 2053 ἐν
1089 2011 1248 2069 Κρήτῃ.
1273 2014 1456 2069 Hesych.

355 2081 438 2122 ἔνδ
449 2086 512 2122 οἵ·
544 2079 657 2121 ἔνδον
684 2081 878 2124 Cretibus
906 2082 1112 2124 adscribit
1134 2083 1260 2137 Cri-eg.
1286 2083 1378 2125 Cor.

355 2149 643 2204 ἔνοργείας·
669 2149 743 2196 τὰς
770 2149 981 2197 νεοσσειάς.
1021 2151 1193 2204 Κρῆτες.
1225 2150 1404 2205 Hesych.
1459 2150 1556 2192 Non
1586 2151 1640 2193 ab
1670 2149 1784 2206 ἔνορ-

245 2234 324 2272 χος
351 2221 398 2260 ut
425 2217 722 2260 Voretzschius
750 2217 904 2270 voluit,
940 2218 987 2259 id
1016 2218 1127 2272 quod
1156 2217 1456 2260 subridiculum
1478 2218 1667 2273 videtur,
1708 2220 1785 2262 sed

248 2287 304 2330 ab
334 2284 490 2339 ἕνεργος
520 2285 687 2328 Cretica
713 2285 874 2328 vocalis
911 2286 1130 2328 obtusione
1157 2289 1301 2327 natum
1338 2289 1402 2327 est
1428 2286 1696 2335 vocabulum,
1740 2291 1788 2329 ut

248 2354 407 2398 dictum
435 2353 490 2396 sit
519 2352 573 2396 de
592 2353 807 2408 ⁴pullorum
833 2353 1052 2396 alacritate
1074 2358 1116 2396 et
1141 2354 1383 2396 vivacitate.

355 2422 454 2470 ἐνς·
484 2422 549 2469 εἷς.
587 2420 1014 2464 Pseudo-Herodian.
1053 2422 1096 2463 in
1125 2422 1239 2464 Hort.
1267 2420 1402 2464 Adon.
1433 2423 1530 2476 204,
1560 2424 1603 2463 6:
1649 2422 1690 2462 ἐκ
1712 2424 1788 2462 τοῦ

251 2490 401 2532 σπείὸω
438 2489 570 2545 γέγονε
607 2487 695 2530 κατ’
716 2487 922 2544 Ἀργείους
958 2490 1022 2530 καὶ
1054 2491 1226 2544 Κρῆτας
1262 2487 1474 2544 ἀφαιρέσει
1511 2492 1586 2530 τοῦ
1618 2507 1630 2529 ι
1661 2492 1735 2543 τῆς
1759 2507 1790 2531 ει

252 2556 486 2615 διφθόγγου
523 2558 587 2598 καὶ
618 2558 809 2614 προσόδῳ
848 2560 923 2598 τοῦ
964 2575 986 2597 ν
1014 2556 1191 2598 σπένδω·
1222 2547 1335 2597 οὗτοι
1359 2557 1435 2611 γὰρ
1466 2555 1657 2605 πολλάκις
1685 2558 1792 2606 ἐξαι-

254 2628 419 2681 ροῦντες
451 2626 500 2667 τὰ
534 2643 546 2666 ι
583 2623 779 2666 τάττουσι
816 2626 864 2666 τὸ
895 2643 917 2666 ν
943 2626 1007 2666 καὶ
1033 2626 1108 2679 τὴν
1134 2625 1208 2678 μὲν
1236 2625 1290 2673 εἷς
1314 2622 1514 2678 πρόθεσιν
1541 2625 1604 2674 ἒνς
1633 2625 1793 2680 λέγουσι

253 2695 318 2735 καὶ
353 2695 401 2735 τὸ
443 2694 572 2742 τιθείς
608 2693 758 2741 τιθένς.
812 2694 1035 2736 Adduntul·
1071 2692 1154 2733 αῗέν
1193 2706 1270 2748 pro
1298 2693 1376 2732 αἷεί
1398 2697 1441 2736 et
1470 2691 1518 2733 οὗ
1545 2693 1695 2746 μέντον
1718 2709 1795 2751 pro

257 2761 306 2805 οὐ
340 2761 481 2816 μέντοι
516 2762 571 2806 ab
608 2762 800 2806 Eustath.
830 2764 927 2817 722,
956 2763 1019 2807 58.
1058 2761 1114 2805 ad
1140 2761 1262 2805 Hom.
1299 2761 1347 2804 Il.
1379 2762 1431 2804 Θ.
1462 2763 1554 2805 448.
1612 2763 1797 2808 Cramer.

258 2832 418 2877 Anecd.
456 2832 551 2876 Par.
576 2833 651 2875 111.
687 2846 729 2887 p.
752 2833 815 2874 42.
878 2832 1007 2874 Falso
1045 2834 1224 2886 apparet
1258 2831 1360 2873 solis
1395 2831 1668 2874 Cretensibus
1697 2833 1798 2876 Gre-

1506 2914 1526 2944 5
