1964 3184
857 173 1127 212 —10-

225 280 425 336 formant3
463 279 663 335 Apteraei
687 278 787 329 (Mn.
816 278 892 329 V),
929 279 1000 333 qui
1030 279 1218 333 genitivo
1246 280 1291 321 in
1315 295 1369 334 ω,
1408 281 1651 324 accusativo
1678 281 1768 337 plu-

224 350 327 392 ralis
360 350 404 390 in
437 363 500 396 ος,
545 347 669 389 tertia
706 358 888 399 persona
924 346 1100 400 pluralis
1128 347 1172 388 in
1200 362 1261 386 ντι
1289 351 1478 402 utuntur,
1514 361 1769 402 quamquam

224 414 292 456 ἐάν
334 429 410 471 pro
455 413 505 453 αἴ
537 429 586 452 κα
628 416 669 454 et
712 412 939 466 ἐψηφίσται
977 427 1053 468 pro
1094 414 1322 467 ἐψαφίσται
1363 419 1552 470 exstant3
1595 414 1769 458 Biannii

223 484 325 538 (Mn.
356 483 465 532 Vll).
529 480 614 523 Sed
657 480 701 521 in
746 479 812 522 his
856 493 1023 535 quoque
1066 482 1240 524 urbibus
1276 482 1493 537 vulgarem
1536 495 1767 526 sermonem

223 552 327 593 satis
363 554 506 592 notum
540 549 669 590 fuisse
707 548 915 590 evincitur
949 549 1119 591 foedere
1146 549 1446 592 Allariotarum
1482 555 1523 593 et
1550 552 1767 594 Pariorum

222 619 286 673 (C.
315 619 346 660 Ι.
375 618 521 670 2557),
558 616 677 658 cuius
707 615 822 671 prior
857 628 956 671 pars
985 617 1213 670 communi,
1250 617 1456 672 posterior
1483 618 1649 661 Cretica
1679 618 1769 660 dia-

220 686 328 727 lecto
358 684 537 726 effertur.
593 683 783 725 Alterum
821 688 885 725 est
922 696 1056 737 genus
1092 697 1254 735 eorum,
1299 685 1370 738 qui
1400 686 1541 740 plures
1569 687 1766 741 vulgares

220 752 535 795 terminationes
563 753 833 806 receperunt,
870 750 915 792 in
952 750 1165 792 nonnullis
1204 754 1347 794 tamen
1374 752 1556 796 Doricae
1593 753 1766 796 dialecti

217 820 373 862 formas
400 832 485 860 non
514 822 795 860 mutaverunt.
851 818 901 858 In
931 818 998 859 his
1026 824 1124 859 sunt
1150 807 1447 862 Eleuthernaei
1479 821 1542 870 (C.
1569 821 1601 862 Ι.
1629 823 1767 874 3047),

218 887 369 941 quibus
396 885 578 927 usitatus
608 889 672 927 est
698 884 967 927 accusativus
995 884 1172 939 pluralis
1200 884 1245 926 in
1276 899 1363 934 ους,
1395 886 1643 929 femininum
1669 899 1765 943 par-

217 955 354 1009 ticipii
381 955 427 995 in
458 968 573 1001 ουσα,
605 953 774 994 dativus
804 952 979 1006 pluralis
996 953 1041 994 in
1061 967 1165 1005 ουσι,
1190 952 1425 996 infinitivus
1453 955 1496 996 in
1516 970 1581 1005 ειν,
1610 952 1766 1001 πόλεως

217 1025 260 1063 et
294 1018 429 1069 οὐθέν,
461 1020 537 1062 sed
556 1018 777 1074 'genitivus
806 1019 850 1060 in
880 1034 924 1068 ω,
957 1016 1040 1071 πάρ
1061 1033 1137 1073 pro
1155 1017 1278 1069 παρά,
1310 1034 1361 1059 ew
1381 1034 1465 1063 non
1485 1025 1766 1076 contractum3

216 1089 387 1130 Istronii
416 1088 480 1141 (O.
511 1088 542 1127 Ι.
575 1088 718 1139 3048);
754 1086 930 1141 Sybritii
956 1086 1237 1140 (O.1.3o49);
1276 1086 1455 1129 Rhaucii
1481 1088 1545 1139 (C.
1564 1089 1598 1130 Ι.
1622 1089 1767 1142 3051);

215 1154 480 1211 Polyrrhenii
508 1154 573 1208 (O.
600 1155 633 1196 Ι.
665 1154 802 1204 3054).
855 1153 1048 1208 Lappaei
1085 1153 1148 1207 (O.
1182 1153 1214 1195 I.
1240 1154 1365 1205 3056)
1401 1167 1572 1209 prorsus
1599 1151 1766 1209 vulgari

216 1223 398 1266 dialecto
416 1222 481 1264 usi
504 1226 600 1265 sunt
619 1225 916 1276 praeterquam
936 1219 1049 1274 quod
1069 1220 1113 1262 in
1133 1224 1275 1264 vetere
1294 1220 1473 1264 formula
1489 1222 1765 1278 scripserunt:
1823 1257 1825 1260 .

218 1289 328 1339 ἔδοξε
356 1289 599 1331 Λαππαίων
636 1294 723 1336 τοῖς
760 1285 931 1343 κόσμοις
959 1287 1022 1327 καὶ
1062 1290 1116 1345 τᾷ
1145 1285 1267 1328 πόλει.
1328 1289 1552 1345 Singulare
1581 1289 1764 1346 denique

216 1359 330 1401 tertii
352 1358 524 1400 dialecti
547 1357 715 1411 generis
738 1356 977 1410 exemplum
998 1356 1144 1398 titulus
1163 1356 1388 1399 Arcadum'
1399 1361 1464 1400 est
1490 1358 1555 1411 (O.
1572 1358 1605 1400 Ι.
1628 1359 1767 1412 3052),

215 1426 260 1467 in
300 1439 383 1480 quo
418 1426 525 1467 miro
562 1424 687 1466 modo
727 1411 1042 1473 terminatioffies
1079 1423 1238 1465 mixtae
1276 1428 1384 1467 sunt.
1439 1425 1520 1467 Hic
1554 1426 1666 1468 enim
1701 1426 1762 1467 in-

214 1493 440 1535 veniuntur
483 1489 739 1544 Μηνοὸότου
781 1495 824 1533 et
868 1486 1134 1543 Μηνοδότω,
1184 1490 1411 1531 Διονυσίου
1456 1496 1498 1534 et
1536 1492 1759 1542 Διονυσίω,

215 1558 421 1600 Μενεκλέα
449 1562 491 1601 et
519 1559 747 1611 Μενεκλῆν,
776 1556 895 1610 ἡμῶν
921 1561 964 1599 et
991 1554 1126 1608 ἁμῶν,
1155 1555 1297 1604 πόλιος
1322 1562 1364 1600 et
1391 1555 1568 1613 πόλεως,
1595 1556 1695 1605 τούς
1721 1563 1763 1601 et

214 1625 306 1676 τός,
339 1625 455 1676 εἴναι,
485 1623 647 1680 dodum,
676 1625 751 1668 sed
779 1622 976 1677 ὁόθήμεν.

456 1868 498 1925 ἓ.
537 1866 580 1911 2.
616 1864 683 1910 De
717 1862 877 1910 Dorica
913 1861 1088 1909 dialecti
1123 1862 1318 1912 Creticae
1353 1864 1509 1926 specie.

320 1969 406 2012 Sed
443 1968 530 2008 iam
569 1966 674 2008 satis
710 1965 869 2007 dixisse
911 1964 1015 2006 mihi
1058 1965 1207 2008 videor
1247 1966 1300 2009 de
1336 1967 1609 2011 dialectorum
1650 1982 1760 2023 quae

209 2036 470 2091 singularum
506 2033 672 2075 urbium
708 2032 906 2087 propriae
942 2037 1063 2074 erant
1099 2033 1346 2076 differentia.
1406 2035 1446 2077 Ν
1448 2048 1529 2078 unc
1563 2036 1761 2079 universa

208 2105 356 2158 lingua
377 2101 545 2145 Cretica
574 2113 656 2154 quo
686 2098 907 2141 referenda
934 2099 989 2140 sit
1015 2100 1133 2142 nulla
1162 2101 1286 2143 huius
1313 2101 1577 2145 differentiae
1595 2103 1758 2146 ratione

208 2170 356 2212 habita
385 2180 607 2223 exponam.
663 2167 726 2207 Ac
755 2165 937 2220 primum
967 2166 1138 2219 quidem
1155 2167 1199 2207 in
1219 2167 1468 2209 Doricarum
1485 2168 1759 2210 dialectorum

208 2251 427 2281 numerum
446 2235 656 2279 Creticam
674 2246 767 2277 esse
784 2231 1048 2275 referendam
1065 2247 1188 2277 nemo
1204 2248 1289 2277 non
1308 2234 1436 2278 videt.
1494 2235 1759 2280 Testimonia

208 2307 321 2348 enim
351 2309 447 2347 sunt
476 2305 503 2344 ἇ
531 2302 733 2347 Doricum
771 2300 928 2354 ubique
969 2306 1215 2356 usurpatum
1253 2307 1295 2344 et
1333 2302 1570 2346 diutissime
1607 2317 1633 2345 a
1662 2305 1757 2347 Gre-

206 2373 397 2416 tensibus
428 2374 659 2423 servatum3
700 2367 857 2412 deinde
888 2364 923 2413 ὅ
945 2383 1021 2425 pro
1051 2382 1101 2412 eo
1129 2369 1240 2424 quod
1270 2377 1324 2413 ex
1352 2386 1379 2410 α
1398 2369 1675 2426 depravatum
1695 2375 1760 2414 est

208 2455 241 2489 ε,
274 2444 320 2482 ut
347 2440 392 2482 in
422 2436 547 2492 ἶαρός,
570 2433 780 2488 Ἄρταμις,
808 2436 1001 2491 Άπτάρα,
1032 2434 1190 2490 zosimo,
1223 2435 1378 2490 τάμνω,
1411 2436 1533 2488 τάως,
1564 2438 1757 2488 Ecurria,-

208 2507 436 2549 contractio
474 2506 719 2560 plerumque
756 2509 830 2546 aut
864 2506 1060 2560 neglecta
1094 2508 1168 2546 aut
1196 2505 1351 2548 Dorice
1381 2505 1515 2559 iacta,
1551 2508 1598 2547 ut
1635 2520 1686 2545 αο
1714 2509 1757 2547 et

209 2587 270 2612 αω
300 2573 541 2615 coalescant
568 2571 614 2612 in
641 2572 691 2623 a,
728 2585 812 2613 non
848 2572 893 2614 in
929 2587 962 2611 ω
999 2573 1063 2623 (ut
1088 2571 1134 2612 in
1161 2571 1363 2625 genitivis
1392 2572 1567 2626 pluralis
1593 2572 1757 2627 primae

207 2640 505 2683 declinationis
533 2642 602 2689 ἄν,
641 2641 686 2682 in
711 2637 984 2694 θεαροδόκος,
1024 2640 1069 2681 in
1099 2639 1379 2682 coniunctivis
1410 2640 1655 2695 syncopatis
1681 2639 1756 2679 δυ-

204 2704 345 2761 νάμαι,
375 2705 560 2762 ἱθθᾶντι,
585 2707 700 2758 aliis)
728 2710 771 2750 et
796 2711 842 2749 ut
869 2722 909 2747 εο
934 2707 1003 2750 vel
1034 2722 1080 2747 οο
1109 2710 1259 2749 coeant
1286 2706 1332 2749 in
1350 2721 1397 2760 ω,
1430 2706 1585 2749 deinde
1605 2706 1756 2750 eiectio

204 2775 381 2818 alterius
407 2775 565 2817 vocalis
596 2774 909 2817 contrahendae
941 2777 1003 2828 (ut
1032 2771 1206 2828 ἑξάπλα,
1244 2772 1490 2828 ἔπιορκόντι,
1521 2772 1753 2824 ἕπεστάτον,

203 2841 424 2893 Ὀλοντιόι,
465 2839 700 2897 πωλόντας,
735 2841 986 2897 Πριανσιές).
1042 2842 1142 2885 Alia
1174 2845 1446 2897 argumenta,
1485 2840 1638 2896 quibus
1665 2840 1755 2884 dia-
