1964 3184
851 161 1119 201 ...26-

216 265 305 309 Imo
344 281 368 319 γ
396 266 439 308 in
467 282 512 321 κ,
549 282 573 306 τ
611 266 655 308 in
684 267 739 315 θ,
779 281 795 305 ε
822 266 866 308 in
897 280 939 306 ευ
978 278 1294 321 nonnumquam
1329 270 1493 309 mutata
1524 279 1618 310 esse
1658 266 1765 309 veri-

214 334 354 377 simile
382 338 458 377 est.
520 335 660 386 Quare
688 330 856 387 ἄργετος
890 334 1106 388 iuniperus
1145 334 1364 389 appellata
1401 333 1569 376 videtur
1596 337 1767 389 propter

215 402 477 445 subviridem
495 406 537 444 et
552 401 802 445 candentem
820 401 983 443 arboris
1002 401 1208 444 frondem.
1230 397 1421 456 ’Ἀργεῖος
1438 401 1578 457 ipsum
1594 401 1765 456 quidem

214 470 324 512 alias
344 483 428 513 non
449 470 674 522 invenitur,
693 467 767 511 sed
787 466 945 521 ἀργέτις
962 469 1152 512 aNonno
1166 470 1307 521 (Dion.
1322 470 1371 523 V,
1387 471 1489 520 516)
1498 465 1582 522 ἠώς
1599 468 1766 510 dicitur.

317 535 616 592 Ἀριδήλαν·
648 536 722 590 τὴν
745 532 972 589 Ἀριάδνην.
1005 536 1178 590 Κρῆτες.
1208 537 1397 592 Hesyeh.

327 601 540 658 ἄρκηλοι·
569 602 662 644 amu.
697 604 860 655 Κρῆτες
890 603 966 655 τὴν
993 599 1182 655 ἱὲστριχα.
1213 604 1393 658 Hesych.

326 672 612 726 ἄροπῆσαι·
648 672 840 724 πατῆσαι.
869 670 1043 724 Κρῆτες.
1082 670 1266 726 Hesych.
1320 670 1451 714 Recte
1485 670 1652 714 videtur
1688 670 1767 713 Vo-

219 743 449 785 retzschius
488 742 719 794 παταγῆ-σαι
755 739 957 793 scribere,
1002 742 1047 780 ut
1082 737 1287 792 ἄροπῆσαι
1330 739 1386 781 sit
1433 753 1509 794 pro
1546 737 1765 792 ἄραβῆσαι.

215 824 255 853 V.
284 810 341 865 gl.
370 807 558 861 ἄβλοπὲς.

326 873 571 928 ἁρπετόν·
611 872 843 926 ἀκόμιστον.
886 871 911 928 ’ἢ
950 876 1106 916 ἰκτῖνον.
1150 877 1323 930 Κρῆτες.
1362 877 1544 932 Hesych.
1602 876 1767 919 Ahrens

216 949 329 988 recte
359 944 570 987 Creticum
598 943 849 985 vocabulum
874 943 1042 986 videtur
1071 939 1246 997 ἅρπετον
1272 944 1464 988 accinere
1493 944 1550 996 (d.
1580 943 1621 986 d.
1647 944 1765 987 Aeol.

217 1027 258 1068 p.
288 1013 371 1066 77).
458 1011 721 1053 Vocabulum
753 1024 780 1052 a
816 1011 960 1054 radice
994 1012 1129 1051 ΑΡΠ
1157 1012 1228 1054 lat.
1267 1012 1378 1054 RAP
1415 1012 1653 1066 derivatur,
1698 1012 1765 1054 cui

215 1079 411 1135 rapiendi
451 1078 567 1120 notio
604 1078 726 1120 inest.
810 1078 877 1120 De
914 1078 1164 1121 formatione
1201 1079 1246 1120 in
1284 1093 1375 1126 ετος
1410 1078 1665 1122 conferenda
1701 1082 1766 1121 est

214 1148 358 1202 glossa
389 1143 568 1199 ἄργετος.
626 1144 767 1196 Quare
795 1158 968 1188 necesse
992 1159 1075 1188 non
1105 1151 1169 1189 est
1199 1159 1292 1189 cum
1311 1145 1545 1189 Schmidtio
1574 1146 1631 1189 ad
1657 1140 1765 1200 ἅρπη

214 1215 401 1270 glossam
432 1214 595 1266 Κρῆτες
623 1211 798 1266 reterre,
826 1213 925 1255 licet
948 1212 1115 1267 legatur
1142 1213 1258 1269 apud
1286 1213 1553 1256 Eustathium
1577 1227 1618 1269 p.
1642 1215 1764 1255 1256:

214 1278 323 1335 ἅρπη
351 1277 455 1327 εἶ’ὁος
484 1278 640 1333 ὀρνέου.
668 1278 771 1327 τινὲς
800 1280 945 1320 ἷκτῖνον
969 1283 1173 1320 καλοῦσιν.
1205 1280 1355 1335 Λέγεται
1388 1280 1431 1321 δὲ
1457 1281 1522 1321 καὶ
1551 1280 1762 1335 δρέπανον.

322 1347 380 1401 ἀρ
392 1344 591 1400 χιλλάν·
619 1346 899 1398 άρχιποιζιιενα.
930 1348 1103 1400 Κρῆτες.
1135 1348 1332 1403 Hesych„
1360 1349 1473 1403 quod
1491 1349 1581 1391 iure
1597 1348 1765 1391 Videtur

214 1411 451 1460 Salmasius
487 1415 532 1456 in
573 1411 747 1466 ἀρχίλαν
790 1418 975 1458 mutasse
1011 1415 1245 1458 Tarentina
1287 1416 1496 1459 vocabula
1533 1416 1765 1472 respiciens
1797 1431 1799 1433 ·

212 1482 433 1537 βειλάρχας
462 1487 505 1525 et
532 1478 845 1535 βειλαρμόστας.
1239 1530 1243 1535 .

321 1549 567 1602 ἄσβεσθε·
599 1548 817 1603 διέφθειρε.
848 1550 1021 1603 Κρῆτες.
1049 1551 1232 1606 Hesych.
1290 1552 1445 1595 GIOSSa
1471 1551 1647 1593 multum
1674 1553 1762 1593 ten-

213 1625 305 1663 tata
332 1620 512 1662 necdum
541 1617 766 1672 explicata.

324 1684 384 1726 ἆσ
392 1701 422 1738 χ
434 1684 454 1725 ε’
461 1687 592 1725 λιον·
631 1681 777 1737 τραχύ.
819 1685 993 1738 Κρῆτες.
1077 1686 1252 1729 Vossius
1289 1683 1456 1739 οἷσκελής
1502 1686 1764 1741 comparavit

214 1768 241 1797 a
270 1753 420 1794 σκέλλω
456 1751 663 1795 vocabulo
700 1750 959 1806 derivatum,
1009 1756 1054 1794 ut
1082 1753 1138 1795 sit
1180 1754 1417 1796 exsiccatus
1444 1754 1513 1797 vel
1541 1754 1685 1796 aridus
1722 1767 1762 1796 v.

215 1823 413 1877 Interprr.
438 1819 495 1862 ad
520 1819 641 1862 Hom.
667 1818 746 1862 Od.
774 1834 807 1868 κ,
838 1821 928 1860 463.
985 1819 1040 1878 Ειῐ
1068 1836 1094 1860 α
1121 1821 1291 1874 quidem
1321 1821 1365 1863 in
1388 1821 1556 1864 Cretica
1581 1820 1763 1864 dialecto

213 1889 433 1934 vocabulis
475 1887 680 1943 praeponi
721 1900 747 1929 a
785 1886 1000 1941 digammo
1040 1888 1307 1943 potissimum
1341 1889 1583 1932 ineuntibus
1622 1887 1678 1931 ad
1706 1888 1763 1944 gl.

213 1953 377 2008 ἀβέλιον
415 1958 458 1997 et
492 1949 641 2006 ἄερσαν
674 1955 1011 1997 commemoravi.
1092 1956 1159 1998 Ne
1193 1971 1217 1996 κ
1257 1956 1428 2011 quidem
1469 1956 1617 1998 literae
1652 1956 1698 1998 in
1731 1971 1761 2008 χ

210 2024 389 2066 mutatio
428 2022 702 2065 offensionem
730 2022 886 2066 habere
924 2027 1074 2079 potest.
1132 2024 1244 2067 Nam
1276 2024 1421 2067 Cretes
1448 2024 1762 2067 amantissimos

210 2091 341 2133 fuisse
376 2089 650 2145 aspirationis
686 2091 936 2144 praesertim
973 2095 1070 2146 post
1105 2106 1150 2145 ρ,
1191 2107 1230 2139 ν,
1271 2106 1297 2131 σ
1325 2091 1619 2135 Voretzschius
1647 2095 1761 2134 recte

209 2159 372 2200 monuit
410 2156 700 2211 exemplisque
741 2157 885 2200 docuit
920 2158 991 2210 (de
1029 2159 1150 2207 inser.
1190 2159 1298 2201 Oret.
1339 2172 1378 2213 p.
1421 2160 1500 2210 17).
1551 2157 1762 2201 Addenda

210 2229 308 2269 sunt
347 2221 522 2278 ἄχηρον·
553 2223 712 2278 ἀκρίδα.
743 2224 918 2278 Κρῆτες.
958 2225 1142 2281 Hesych.
1181 2229 1224 2268 et
1260 2223 1401 2265 ἔσθων
1439 2238 1515 2282 pro
1556 2223 1687 2266 ἴστων
1716 2225 1760 2268 in

210 2293 274 2334 tit.
316 2293 362 2334 C.
391 2293 424 2334 Ι.
454 2293 572 2332 2554.
611 2291 635 2332 l.
666 2291 716 2331 85
758 2297 800 2334 et
836 2292 922 2333 Mn.
956 2293 1005 2335 V.
1052 2294 1109 2332 12.
1194 2293 1459 2347 Quamquam
1496 2307 1581 2336 non
1616 2307 1761 2336 omnes

208 2359 392 2414 glossas,
429 2371 536 2413 quas
563 2361 736 2413 propter
767 2359 947 2402 eandem
986 2359 1262 2403 mutationem
1288 2360 1343 2403 M.
1374 2360 1635 2404 Schmidtius
1663 2361 1760 2405 Cre-

207 2428 322 2470 tibus
350 2426 565 2479 attribuit,
595 2439 694 2469 vere
722 2426 911 2470 Creticas
941 2428 1178 2483 putaverim
1208 2423 1429 2481 (ἄχνημος-
1467 2430 1626 2482 νῆστις,·
1660 2429 1759 2483 δορ-

206 2494 335 2548 χελοί·
357 2491 631 2549 ἅστράγαλοις
660 2491 832 2547 λιχμάς·
853 2495 1027 2549 θρΐναξς
1052 2495 1247 2551 οῗχῶρος·
1270 2495 1477 2549 οἷκοῦροςς
1496 2493 1758 2551 ριχνοῦσθαι·

208 2565 406 2604 κινεῖσθαι
436 2560 707 2616 ἀσχημόνως-ς
735 2563 935 2616 ἔνταχείς·
964 2563 1153 2618 ἐμφυείς;
1196 2561 1467 2618 ἕπισχύρους.
1497 2562 1758 2619 ἓπικούρους;

208 2628 432 2685 κόρχορον·
460 2627 641 2682 λάχανον
668 2626 842 2684 ἄγριον).

316 2692 498 2750 ἆτερέα
511 2713 520 2723 ·
545 2694 643 2752 ὅρος
661 2696 819 2752 γοργόν.
845 2699 1019 2752 Κρῆτες.
1047 2700 1229 2756 Hesych.
1278 2699 1337 2742 Ni
1355 2699 1479 2742 fallor
1495 2698 1552 2741 ad
1571 2699 1757 2742 radicem

206 2764 404 2808 vocabuli
436 2764 555 2818 τὲρην
583 2765 728 2819 glossa
755 2766 977 2809 referenda
1005 2770 1069 2809 est
1094 2771 1140 2809 ut
1168 2765 1409 2820 ἅτέραμνος.
1447 2767 1496 2808 cf.
1529 2765 1757 2820 ἀτέραμνος

206 2831 335 2888 πέτρα
363 2832 539 2877 Theoor.
568 2833 623 2876 X.
656 2834 692 2875 7.
