1964 3184
878 682 1063 732 VITA.

245 889 262 898 ,.
312 851 463 909 Natus
499 877 592 908 sum
621 864 887 908 Gustavus
922 865 1327 908 Maximilianus
1369 857 1666 906 Kleemann
1705 876 1743 904 a.

210 967 310 1007 1848
339 980 377 1007 a.
401 967 441 1008 d.
469 967 518 1008 V.
538 952 760 1008 Non.*Oet.
788 967 909 1008 Halis
938 967 1152 1008 Saxonum
1181 971 1301 1020 patre
1329 967 1564 1008 Gustavo
1590 964 1744 1028 Klees

203 1080 354 1110 mann
382 1066 673 1111 machinarum
700 1065 1092 1110 mathematiearum
1126 1064 1374 1122 praesertim
1402 1068 1446 1108 et
1472 1064 1745 1121 physicarum

201 1166 353 1224 opifice
375 1170 509 1210 matre
535 1166 696 1210 Clara
722 1166 776 1209 de
799 1169 925 1221 gente
950 1166 1177 1221 Herold,
1208 1178 1383 1221 quorum
1406 1169 1581 1220 utroque
1605 1164 1744 1207 adhue

201 1268 428 1322 superstite
466 1268 611 1310 laetor.
673 1266 798 1309 Fidei
826 1267 1023 1309 addictus
1059 1280 1150 1309 sum
1181 1267 1466 1322 evangelicae.
1497 1267 1582 1309 XII
1609 1280 1744 1309 annos

201 1371 326 1410 natus
350 1367 439 1410 adii
464 1367 522 1409 ad
537 1368 733 1409 Latinam
759 1367 947 1409 scholam
968 1380 1078 1421 quae
1100 1367 1338 1423 appellatur
1369 1367 1609 1421 Halensem,
1633 1380 1743 1421 quae

201 1473 290 1512 tum
325 1468 449 1512 initio
478 1439 748 1522 Eoksteini'o,
788 1466 944 1510 deinde
972 1466 1129 1510 Adlero
1167 1468 1398 1511 rectoribus
1438 1467 1625 1511 florebat.
1658 1468 1743 1510 XX

200 1562 335 1611 an'nos
373 1572 500 1611 natus
534 1572 623 1614 toto
650 1568 863 1624 gymnasii
894 1581 1017 1611 eursu
1045 1572 1216 1624 peraeto
1244 1570 1289 1611 in
1318 1569 1474 1621 civium
1499 1569 1745 1613 academiae

198 1669 397 1713 Halensis
426 1682 644 1713 numerum
673 1673 868 1725 receptus
893 1682 1006 1724 sum,
1043 1670 1087 1712 in
1115 1683 1198 1725 quo
1227 1671 1283 1713 ad
1313 1671 1393 1714 hoo
1420 1684 1553 1726 usque
1577 1640 1751 1726 tempus·

199 1770 425 1825 permansi.
473 1769 638 1812 Audivi
659 1770 868 1825 imprimis
893 1748 1236 1825 Bernhardyum,
1265 1772 1517 1827 Bergkium,
1546 1771 1745 1825 Keilium,

197 1859 443 1925 Zaeherum,
471 1869 772 1925 Diimmlerum‚
800 1870 1065 1924 Schoenium‚
1090 1870 1409 1926 Erdmaimium,
1432 1872 1586 1927 quibus
1611 1872 1743 1914 omni-

197 1971 276 2013 bus
305 1973 448 2025 grates
478 1983 560 2025 ago
585 1984 712 2025 quam
738 1972 958 2014 maximas.
1022 1972 1103 2014 Per
1130 1973 1235 2016 duos
1263 1986 1401 2016 annos
1425 1973 1596 2016 interfui
1623 1986 1740 2015 exer-

197 2071 469 2115 citationibus
511 2072 727 2114 seminarii
756 2072 1002 2127 philologici
1031 2073 1145 2127 quod
1173 2088 1201 2116 a
1226 2074 1503 2130 Bernhardyo
1530 2077 1574 2117 et
1600 2073 1740 2117 Keilio

194 2171 365 2227 regitur.
