1964 3184
835 224 1103 265 -36-

187 334 270 375 nisi
300 334 343 374 in
375 333 584 387 Gortynio
612 333 733 374 titulo
764 345 791 372 a
823 331 1107 385 Bergmannio
1136 330 1272 384 edito,
1294 330 1367 372 ubi
1396 333 1462 373 est
1491 326 1588 376 θιός
1622 341 1741 371 aceu-

188 401 354 443 sativus
382 399 559 456 pluralis
588 399 751 442 numeri
783 399 809 440 l.
838 400 890 439 64
919 402 962 441 et
989 400 1056 440 80.
1085 428 1088 431 -

291 470 359 521 θρ
374 468 499 507 ινία·
525 464 705 518 ἄμπελος
734 467 775 506 ἓν
799 463 963 521 Κρήτῃ.
987 467 1171 522 Hesyoh.

299 535 621 589 θρύπτακον·
656 531 819 585 κλάσμα
862 529 1005 586 ἄρτου.
1038 534 1212 587 Κρῆτες.
1249 533 1431 590 Hesych.
1490 534 1529 576 A
1562 529 1741 587 θρύπτω

194 603 325 645 verbo
355 603 499 656 glossa
526 602 764 644 derivanda
791 605 867 643 est.

300 666 529 715 θύστας·
567 667 591 708 ὁ
626 667 750 722 ἱερεύς
787 668 897 722 παρὰ
930 668 1103 721 Κρησίν.
1131 668 1315 725 Hesyeh.
1370 668 1542 720 Dictum
1570 670 1635 710 est
1660 667 1744 709 Do-

193 738 280 779 rice
322 750 399 791 pro
436 733 571 789 θύτης
605 736 658 780 of.
698 735 881 783 θυστάςε
926 733 1108 787 νόμισμα
1150 733 1366 784 θυστάδος
1407 737 1541 789 βοῆς-
1592 734 1745 778 Aeseh.

194 804 310 859 Sept.
336 805 428 845 269.
483 804 572 860 κᾷτ’
609 801 657 843 οὗ
693 802 882 855 δέχονται
911 801 1127 851 θυστάδας
1157 804 1272 851 λιτάς
1303 802 1359 844 ἔτι
1386 803 1477 843 θεοὶ
1505 802 1600 855 παρ’
1627 800 1746 854 ἡμῶν

198 869 293 911 οὐδὲ
340 871 501 924 μηρίων
554 870 698 925 φλόγα.
770 871 899 926 Soph.
943 871 1041 913 Ant.
1093 873 1208 913 1019.
1263 886 1302 914 v.
1343 869 1549 914 Lobeckii
1592 868 1746 912 Parall.

194 952 235 993 p.
266 940 357 979 432.

961 1060 990 1101 Ι.

304 1139 482 1180 Ἰαλία·
511 1138 645 1194 φωνή.
672 1142 840 1193 Κρῆτες.
874 1141 1056 1195 He-syoh.
1101 1141 1182 1183 Vix
1209 1144 1310 1196 puto
1340 1154 1592 1195 quemquam
1625 1153 1746 1183 ausu-

195 1222 285 1250 rum
323 1221 417 1250 esse
453 1221 547 1250 oum
575 1208 628 1251 M.
661 1208 897 1251 Schmidtio
929 1208 1135 1251 soi-ibere:
1178 1207 1238 1248 ἰὰ·
1276 1208 1362 1260 μία.
1402 1206 1534 1263 φωνή.
1569 1208 1744 1261 Κρῆτες,

194 1289 288 1318 oum
308 1279 350 1317 et
369 1273 531 1326 ἰάλεμος
555 1275 640 1323 (vel
659 1276 798 1318 lonioe
820 1273 998 1328 ἰήλεμος)
1015 1280 1116 1318 nota
1135 1276 1191 1318 sit
1217 1276 1465 1319 naeniarum
1492 1275 1747 1330 significatio

194 1346 237 1384 et
264 1342 391 1381 ἰωλία·
422 1341 540 1396 φήμη
569 1343 624 1385 ab
652 1343 746 1397 ipso
777 1343 990 1397 Hesychio
1017 1343 1261 1398 explicetur.

303 1406 489 1449 ἷάλιον·
527 1409 743 1463 ἐρέβινθον
771 1405 796 1462 ἢ
820 1410 896 1463 τὴν
924 1407 1157 1450 θάλασσαν.
1188 1410 1363 1464 Κρῆτες.
1397 1410 1578 1466 Hesyoh.
1627 1409 1746 1453 Glos-

195 1490 244 1518 sa
279 1477 458 1519 obseura
496 1482 572 1520 est.
628 1477 696 1519 Ad
735 1478 865 1519 maris
900 1477 1255 1531 significationem
1291 1478 1345 1520 M.
1375 1477 1635 1521 Schmidtius
1674 1477 1747 1519 ad.-

195 1544 315 1586 hibet
339 1544 479 1586 Photii
508 1545 694 1599 glossam
720 1545 977 1594 κατιαλίζειν·
1013 1542 1251 1585 καταδύνων
1280 1545 1331 1588 of.
1363 1539 1435 1592 ἅλς
1463 1548 1507 1587 et
1531 1545 1587 1600 gl.
1616 1543 1747 1598 ἷβηνα.

305 1614 570 1665 ἶαριγμόν·
602 1613 739 1667 χαράν
780 1613 844 1652 καὶ
885 1614 1032 1665 θροῦν.
1071 1614 1246 1671 Κρῆτες.
1297 1612 1479 1668 Hesych.
1553 1612 1622 1655 Ad
1655 1612 1748 1655 soni

197 1680 417 1723 cuiusdam
447 1681 768 1723 similitudinem
794 1681 1044 1723 vocabulum
1078 1681 1221 1724 fiotum
1250 1681 1432 1735 videtur,
1457 1684 1504 1723 ut
1532 1679 1653 1734 ἱέραξ.

309 1746 473 1799 ἴβηνα·
516 1749 589 1788 τόν
630 1746 750 1788 οἶνον.
784 1748 958 1800 Κρῆτες.
1002 1747 1039 1786 οἱ
1074 1747 1116 1787 δὲ
1144 1746 1264 1800 βήλα.
1293 1748 1477 1804 Hesych.
1531 1749 1629 1790 Non
1657 1748 1748 1790 Sine

197 1827 329 1857 eausa
364 1814 536 1858 credere
574 1814 693 1869 lieet,
733 1818 779 1858 ut
815 1831 841 1854 α
870 1819 912 1858 et
941 1831 983 1869 0,
1021 1816 1083 1857 ita
1110 1832 1121 1855 ι
1150 1828 1317 1871 quoque
1343 1815 1522 1872 proponi
1550 1828 1676 1871 posse
1705 1815 1749 1858 in

197 1882 368 1925 Cretica
402 1883 550 1937 lingua
587 1883 714 1925 fronti
746 1883 1047 1926 vocabulorum
1074 1898 1101 1925 a
1129 1883 1344 1938 digammo
1370 1883 1620 1939 praesertim
1648 1883 1749 1926 inei—

197 1950 416 2004 pientium.
1512 1986 1514 1989 .

307 2015 498 2070 ἴβριος·
536 2016 719 2072 ἷβηκτήρ.
753 2017 775 2058 ὁ
806 2019 918 2072 παρὰ
950 2019 1111 2072 Κρησὶν
1138 2017 1270 2072 &19:⁴09-
1297 2019 1547 2073 ἐμβατήριον
1577 2019 1750 2072 ποιησά-

195 2099 327 2135 μενος,
363 2079 461 2138 ὅπερ
492 2083 515 2125 o‘
542 2082 658 2143 ᾄδων
686 2081 796 2126 οὕτω
824 2088 1012 2126 καλεῖται.
1038 2086 1221 2141 Hesych.
1264 2086 1419 2129 Glossa
1447 2090 1645 2143 corrupta
1673 2091 1750 2140 est,

196 2154 396 2206 quoniam
416 2166 554 2208 neque
572 2151 704 2206 ἔβριος
726 2153 1031 2209 ηοᾳιιθῖβηκτὴρ
1049 2154 1248 2197 idoneam
1266 2154 1657 2209 interpretationem
1678 2154 1751 2196 ha-

196 2221 299 2264 bent
314 2235 452 2277 neque
472 2235 623 2265 sensus
636 2222 978 2265 accommodatus
995 2221 1279 2276 efficitur‚nisi
1298 2225 1411 2265 reete
1425 2221 1481 2264 M.
1493 2221 1753 2265 Schmidtius

196 2290 438 2345 suspicatus
477 2294 542 2333 est
579 2294 734 2346 poetae
765 2290 921 2333 Cretici
956 2303 1109 2333 nomen
1139 2290 1272 2333 latere
1299 2290 1345 2333 in
1373 2287 1515 2344 1289209.
1582 2290 1754 2345 Cogitat

196 2357 251 2401 de
275 2356 450 2412 ιΥρᾯίοις
477 2372 531 2401 ex
557 2358 710 2402 Athen.
740 2358 834 2401 XV.
862 2359 940 2399 695
966 2358 993 2401 f.
1025 2362 1137 2401 noto.
1187 2355 1356 2412 ι’βηκτήρ
1381 2371 1458 2414 pro
1487 2355 1646 2412 ἵβικτήρ
1674 2372 1752 2414 pro

198 2424 392 2480 ῗβυκτήρ·
421 2424 670 2481 σαλπὶγκτής
700 2427 858 2470 elatum
885 2426 1071 2476 videtur,
1109 2426 1191 2469 nisi
1230 2440 1257 2469 a
1296 2430 1448 2482 poetae
1483 2425 1653 2469 nomine
1679 2425 1751 2469 de-

196 2493 437 2536 ducendum
467 2498 543 2545 est,
574 2495 620 2537 id
649 2494 763 2550 quod
794 2495 898 2537 mihi
928 2494 1192 2549 probabilius
1220 2497 1296 2537 est.

307 2560 503 2609 ἷέττας·
541 2561 729 2617 πατέρας.
767 2563 945 2615 Κρῆτες.
976 2557 1002 2615 ἢ
1028 2562 1128 2610 τούς
1156 2560 1323 2616 ἀγρίους
1346 2559 1536 2617 τράγους.
1567 2562 1750 2618 Hesych-

198 2629 328 2673 Reete
339 2630 500 2685 Taylor
517 2630 575 2673 ad
591 2631 690 2687 Lys.
714 2645 755 2687 p.
775 2631 866 2672 443.
895 2628 1042 2678 τέττας
1056 2630 1243 2673 restituit
1262 2630 1418 2674 collata
1432 2631 1577 2686 glossa
1594 2620 1750 2678 u'twgss

198 2698 297 2745 τοὺς
318 2696 487 2752 ἀγρίους
513 2697 705 2753 τράγους.
761 2699 829 2742 De
858 2696 1037 2752 πατέρας
1064 2697 1375 2754 significatione
1409 2712 1450 2742 v.
1476 2699 1597 2742 Hom.
1628 2697 1673 2740 11.
1694 2698 1750 2741 A.

198 2766 298 2806 412:
327 2764 460 2806 τέττα·
490 2768 627 2822 σιωπῇ
657 2756 749 2821 ἧσο.

308 2830 505 2886 Ἰνάχζε)
518 2851 567 2874 ια
580 2851 589 2859 ·
615 2831 737 2888 ἑορτὴ
752 2833 1002 2882 Λευκοθέας
1029 2834 1070 2875 ἓν
1084 2830 1248 2890 Κρήτῃ.
1273 2832 1353 2875 ὑπὸ
1371 2830 1547 2886 Ἰνάχου.
1567 2833 1750 2890 Hesyoh.

309 2900 324 2939 ἲ
332 2897 355 2940 ό
363 2903 394 2952 β
403 2916 429 2940 α
442 2916 480 2948 ς·
510 2902 692 2956 κάλαμος
719 2903 833 2958 παρὰ
865 2902 1039 2957 Κρησίν.
1068 2902 1251 2958 Hesych.
