1964 3184
842 222 1108 262 —28—

195 333 296 375 dial.
330 333 441 376 Cret.
460 334 511 373 25
541 331 597 373 ad
620 330 807 373 radicem
837 327 890 383 ἀγ
917 331 963 382 (3
978 342 1060 384 quo
1082 324 1250 382 ἅγνυμι)
1277 330 1405 371 101011
1433 326 1485 370 cf.
1504 326 1559 381 gl.
1589 322 1748 366 θάπτα.

195 400 406 455 Equidem
444 400 499 442 ab
531 395 638 451 ἄχνα
676 396 954 441 derivandum
984 397 1169 451 {puto-ut
1193 395 1353 438 dictum
1385 394 1440 438 de
1467 406 1621 437 1111011111
1648 406 1748 448 qua-

196 468 377 512 rundam
405 468 618 524 lanugine.

307 534 485 590 ἀχράς.
545 536 682 579 Schol.
721 536 765 577 in
805 533 987 576 Nicand.
1026 533 1152 576 Ther.
1192 534 1291 575 512:
1329 532 1543 587 Ἑρμῶναξ
1579 533 1621 574 ἓν
1660 537 1750 581 ταῖς

199 606 426 659 Κρητικαῖς
455 603 580 652 λέξεσι
606 603 682 656 τὴν
702 600 846 656 ἀγρίαν
863 597 984 641 ἄπιον
1004 598 1169 655 ἀχράδα
1185 600 1310 655 φησὶν
1325 597 1435 640 εἶναι.
1488 600 1750 644 Vocabulum

198 673 415 715 invenitur
442 672 570 714 Arist.
602 671 716 713 Eccl.
747 672 825 711 355
855 674 898 713 et
925 669 1110 724 saepius.

309 736 589 793 ἀχυρμιάς.
623 739 749 793 Greg.
769 736 885 781 Coli:
916 737 1016 784 τοὺς
1044 736 1208 790 σωροὺς
1236 737 1321 777 τῶν
1348 733 1519 789 ἀχύρων
1546 733 1753 789 ἀχυρμιτὶς

200 807 387 861 λέγουσιν
415 807 628 862 (Κρῆτες).
687 806 937 863 Explicatur
972 806 1093 848 Hom.
1128 805 1177 847 ll.
1211 809 1258 859 E,
1286 806 1386 847 502:
1425 802 1466 844 αἲ
1506 804 1541 844 δ’
1580 802 1752 844 ὑπολευ-

200 875 402 915 καίνονται
431 873 641 927 ἀχυρμιαί.

957 997 1007 1035 Β.

312 1079 503 1117 Βαῖκαν
531 1108 539 1115 .
570 1107 578 1116 .
609 1107 617 1116 .
649 1108 658 1116 .
694 1078 863 1131 Κρῆτες.
895 1078 1077 1133 Hesych.
1140 1080 1318 1119 Βαῖκαν·
1357 1076 1450 1133 αἶγα
1486 1080 1666 1123 coniecit
1700 1081 1754 1122 IS.

204 1145 380 1188 Vossius
418 1158 543 1199 quem
583 1145 771 1199 sequitur
808 1145 1059 1189 Meinekius.
1124 1147 1273 1200 Neque
1308 1148 1457 1201 negari
1495 1151 1635 1203 potest
1671 1151 1755 1190 tres

204 1214 460 1256 mutationes
493 1225 600 1266 quas
630 1213 883 1255 vocabulum
912 1226 1083 1268 passum
1113 1217 1178 1257 est
1205 1228 1233 1256 a
1258 1214 1427 1258 Cretica
1462 1214 1644 1258 dialecto
1671 1228 1755 1258 non

203 1281 370 1323 alienas
399 1292 516 1333 esse,
555 1284 597 1322 et
621 1283 652 1332 β
679 1279 885 1334 digammi
914 1281 1006 1323 1000
1038 1282 1221 1336 positum
1250 1286 1293 1324 01
1319 1297 1343 1334 γ
1370 1282 1518 1324 1110130
1548 1282 1592 1323 111
1621 1297 1645 1321 κ
1669 1295 1756 1325 11111-

204 1349 310 1391 tatio
338 1350 398 1401 (v.
415 1348 470 1411 3¹:
490 1345 671 1396 ἀκαθόν)
700 1352 742 1390 01
771 1348 1003 1391 accusativi
1022 1349 1157 1391 forma
1185 1349 1228 1391 in
1251 1349 1514 1392 vterminata
1530 1351 1586 1403 (v.
1612 1363 1652 1404 p.
1675 1352 1756 1401 17).

205 1417 255 1458 111
284 1429 368 1470 quo
396 1429 451 1458 ne
481 1415 588 1458 illud
620 1415 793 1470 quidem
823 1415 1134 1459 dubitationem
1161 1429 1332 1459 movere
1359 1420 1520 1471 potest,
1563 1417 1677 1471 quod
1712 1417 1756 1459 in

204 1482 274 1532 αἲξ
301 1497 407 1527 voce
431 1483 637 1538 digammi
664 1484 825 1527 nullum
863 1484 1090 1539 vestigium
1127 1485 1350 1539 remansit,
1384 1485 1583 1540 quoniam
1612 1484 1758 1529 Cretes

205 1552 424 1606 digamma
459 1552 526 1593 vel
564 1552 705 1606 potius
743 1565 854 1606 quae
900 1565 953 1594 ex
989 1566 1039 1594 eo
1075 1556 1202 1595 natae
1241 1556 1339 1595 sunt
1383 1552 1533 1595 literae
1568 1568 1594 1592 v
1629 1553 1699 1595 vel
1728 1555 1759 1604 β

208 1620 327 1663 1111113
364 1632 495 1663 031183
534 1620 864 1663 inculcaverant.
950 1620 999 1664 V.
1045 1634 1086 1676 p.
1120 1622 1182 1674 19,
1224 1620 1278 1675 gl.
1317 1612 1479 1672 α’βέλιον
1518 1622 1559 1663 01
1597 1615 1678 1660 εὕα.
1709 1645 1758 1651 -

207 1688 372 1729 Tamen
398 1687 573 1741 propius
602 1686 659 1728 ad
687 1687 887 1729 traditam
915 1687 1090 1741 glossae,
1118 1687 1296 1729 formam
1325 1687 1527 1730 accedere
1562 1687 1760 1729 videntur

207 1755 488 1797 correctiones
516 1754 718 1797 Pearsoni
745 1754 835 1805 βαί·
868 1750 944 1794 κᾶν
972 1759 1014 1797 01
1039 1755 1254 1809 Heringae
1279 1755 1355 1805 βαί
1378 1770 1450 1794 κα·
1476 1751 1556 1803 ἐάν,
1583 1766 1759 1809 quarum

207 1826 386 1875 utraque
413 1822 571 1864 formas
600 1834 699 1864 vere
728 1822 917 1865 Creticas
945 1822 1143 1865 ostendit.

316 1886 499 1940 βακόν·
528 1886 663 1930 πεσόν.
694 1890 868 1943 Κρῆτες.
898 1890 1080 1946 Hesych.
1137 1891 1218 1934 Hic
1254 1902 1420 1945 quoque
1457 1889 1632 1932 dubium
1667 1902 1761 1932 esse

209 1961 370 2013 potest,
399 1961 536 2000 utrum
563 1953 770 2013 βακόνριὈ
797 1954 932 2010 ἄβακα
957 1959 1025 2001 vel
1054 1955 1245 2010 ἀβάκιον·
1281 1955 1433 1998 πεσσόν
1458 1957 1658 2012 scriptum
1686 1969 1760 2012 pu-

208 2030 344 2068 temus
373 2039 428 2067 an
458 2022 582 2080 πεσόν
607 2026 651 2068 111
681 2023 803 2066 πισόν
838 2029 999 2070 mutato
1034 2027 1164 2078 βακόν
1200 2040 1276 2083 pro
1308 2022 1441 2081 φακόν
1477 2024 1633 2068 elatum
1668 2037 1761 2067 esse

210 2106 472 2147 censeamus,
502 2097 548 2135 ut
575 2093 632 2135 ad
661 2106 851 2136 normam
868 2094 1171 2137 Macedonicae
1189 2094 1362 2136 dialecti
1393 2109 1424 2147 φ
1454 2093 1499 2134 111
1526 2095 1557 2142 β
1573 2095 1763 2134 transeat

209 2162 420 2213 (Eustath.
457 2163 571 2214 1654,
605 2161 683 2214 19).
744 2161 854 2204 Illud
889 2166 933 2204 et
962 2162 1197 2217 simplicius
1232 2165 1275 2204 et
1301 2160 1392 2203 veri
1428 2158 1608 2201 similius
1643 2171 1762 2214 prae-

209 2229 356 2272 sertim
384 2241 479 2272 cum
508 2231 668 2271 certum
684 2228 989 2272 Macedonicae
1011 2228 1258 2271 mutationis
1276 2226 1516 2281 exemplum
1534 2226 1579 2268 in
1596 2225 1764 2269 Cretica

209 2297 393 2340 dialecto
420 2309 505 2339 non
534 2299 684 2340 exstet.

317 2367 348 2416 β
358 2361 518 2404 άλανο
529 2381 540 2403 ι
552 2379 561 2389 ·
592 2364 646 2404 τὰ
665 2363 915 2418 ἐξηρτημένα
931 2366 1016 2405 τῶν
1032 2359 1176 2419 ὅρμων
1187 2379 1196 2389 ·
1229 2362 1292 2404 καὶ
1308 2361 1331 2403 c‘
1352 2363 1436 2403 τῶν
1451 2362 1591 2416 δρυῶν
1607 2361 1763 2413 καρπὸς

210 2433 360 2485 κυρίως
377 2431 456 2472 ὑπὸ
467 2429 761 2486 Ξενοφῶντος,
795 2429 859 2469 καὶ
879 2428 916 2469 οἶ
932 2431 1017 2469 τῶν
1037 2429 1250 2483 φοινίκων·
1279 2430 1342 2470 καὶ
1361 2428 1403 2469 αἱ
1414 2429 1561 2476 κλεῖδες
1576 2425 1760 2480 βάλανοι,

210 2500 273 2540 καὶ
302 2501 356 2541 τὰ
384 2499 638 2552 ἐμπίπτοντα
664 2501 716 2555 τῇ
745 2497 954 2554 κλειθρίᾳ·
984 2498 1146 2550 Κρῧτες
1171 2496 1213 2537 δὲ
1240 2497 1293 2538 τὰ
1308 2493 1525 2550 ἀμύγδαλα
1543 2493 1762 2548 βαλάνους.

212 2568 391 2612 Bekker.
422 2567 581 2611 Anecd.
611 2581 650 2623 p.
677 2568 768 2608 225.
798 2566 824 2608 l.
855 2566 892 2607 9.

321 2636 457 2684 Διὸς
484 2632 724 2685 βάλανος.
780 2635 1024 2678 Hermonax
1053 2633 1169 2689 apud
1197 2633 1424 2677 Α111011.ΙΙ.
1452 2635 1515 2675 53.
1534 2646 1577 2676 c:
1602 2630 1764 2686 Ἑρμῶ-

214 2706 288 2753 ναξ
318 2703 449 2744 δὲκαὶ
483 2702 718 2756 Τιμαχίδας
745 2702 852 2750 Διὸς
886 2698 1071 2753 βάλανόν
1108 2715 1210 2756 φησι
1248 2702 1460 2741 καλεῖσθαι
1499 2700 1547 2740 τὸ
1574 2699 1766 2740 ποντικὸν

212 2769 376 2827 κάρυον.
406 2773 456 2817 cf.
486 2771 670 2828 Hesych.
700 2785 734 2815 8.
762 2785 800 2815 v.

323 2839 527 2890 βαλίαν·
552 2836 708 2893 ἔλαφον
734 2836 1014 2887 κατάστικτον,
1046 2837 1236 2877 ποικίλον.
1269 2838 1431 2889 Κρῆτες
1449 2833 1593 2888 ταχύν.
1622 2833 1764 2890 πηρόν·

213 2905 370 2961 βάλιον.
402 2906 583 2964 Hesyeh.
640 2906 839 2952 Glossam
865 2905 986 2950 multi
1014 2905 1231 2962 explicare
1257 2903 1507 2949 studuerunt
1520 2902 1766 2948 dubitantes
