1964 3184
212 618 292 664 DE
332 615 640 665 UNIVERSA
680 615 976 664 GRETIGAE
1014 615 1298 664 DIALECTI
1337 617 1576 665 INDOLE.

230 812 397 855 Cretica
426 812 634 855 dialectus
661 813 763 867 quin
794 813 838 854 in
868 813 1117 855 Doricarum
1146 812 1421 855 dialectorum
1453 825 1668 854 numerum

121 883 233 922 recte
262 879 465 922 referatur
493 880 677 922 dubitari
707 894 790 922 non
820 884 971 936 potest.
1034 880 1229 934 Plerique
1259 884 1399 923 tamen
1427 893 1568 922 eorum
1595 880 1667 934 qui

121 947 174 989 de
204 947 284 989 hac
314 960 360 989 re
390 947 610 1003 opiniones
647 948 908 1003 protulerunt
938 961 1065 990 unam
1106 952 1148 990 et
1178 948 1413 1004 simplicem
1441 948 1668 990 dialectum

121 1027 213 1057 esse
241 1018 506 1070 putaverunt.
562 1016 611 1057 In
641 1029 722 1069 quo
762 1015 865 1056 mihi
894 1028 1030 1069 neque
1063 1015 1303 1069 historiam,
1342 1019 1387 1058 ut
1425 1016 1485 1057 ita
1513 1015 1666 1068 dicam,

120 1083 293 1126 dialecti
319 1084 555 1139 respexisse
586 1096 724 1138 neque
751 1083 1008 1126 intellexisse
1034 1083 1229 1126 videntur
1246 1098 1329 1126 non
1346 1083 1503 1138 exigua
1519 1083 1664 1126 discri-

119 1152 235 1194 mina
265 1152 523 1194 intercedere
561 1153 670 1194 inter
701 1151 961 1205 singularum
992 1152 1249 1194 Creticarum
1286 1152 1451 1194 urbium
1483 1152 1664 1206 linguas.

118 1219 292 1262 Missum
320 1233 431 1262 nunc
461 1219 571 1261 facio
595 1219 707 1273 quod
729 1232 781 1260 ex
802 1219 898 1261 aliis
916 1218 1111 1262 dialectis
1128 1219 1196 1261 vel
1214 1219 1370 1273 linguis
1390 1233 1474 1262 non
1490 1219 1664 1262 Graecis

118 1281 302 1329 fortasse
335 1286 538 1328 nonnulla
571 1286 779 1329 dialectus
814 1286 984 1341 recepit.
1066 1286 1132 1328 De
1171 1299 1252 1340 quo
1291 1286 1399 1329 alius
1438 1287 1516 1329 erit
1548 1287 1664 1329 locus

125 1353 384 1408 disputandi.
462 1354 516 1395 Et
557 1357 721 1396 veteres
757 1352 928 1407 quidem
965 1353 1191 1408 scriptores
1226 1354 1414 1408 linguam
1455 1354 1664 1396 Creticam

123 1420 300 1462 mixtam
329 1434 412 1462 non
444 1433 535 1462 esse
563 1421 779 1475 putavisse
809 1433 858 1462 eo
887 1424 1067 1475 apparet
1096 1420 1207 1473 quod
1233 1421 1320 1462 fere
1336 1434 1418 1463 non
1432 1421 1666 1475 ‚loquuntur

116 1487 198 1529 nisi
227 1486 281 1529 de
310 1487 508 1530 universa
533 1487 727 1530 dialecto.
783 1487 909 1530 Velut
938 1484 1037 1534 θιός
1067 1500 1142 1542 pro
1165 1484 1269 1536 θεός
1289 1487 1483 1530 Cretibus
1514 1487 1662 1530 tribuit

115 1554 378 1609 Hesychius,
405 1568 660 1610 quamquam
689 1555 733 1596 in
760 1554 979 1609 permultis
1009 1555 1143 1596 titulis
1167 1552 1267 1602 θεός
1292 1555 1516 1608 invenitur,
1548 1555 1662 1597 item-

118 1635 199 1675 que
228 1620 322 1673 τέορ
344 1636 420 1676 pro
438 1622 526 1669 σοί,
557 1622 668 1673 quod
697 1621 882 1664 omnium
904 1622 1163 1664 Cretensium
1193 1635 1412 1664 commune
1443 1634 1536 1664 esse
1562 1622 1664 1676 vult,

114 1689 157 1730 in
189 1690 279 1731 sola
306 1689 603 1743 Gortyniorum
633 1690 779 1743 lingua
808 1689 1007 1730 usitatum
1035 1688 1165 1731 fuisse
1196 1689 1424 1731 verisimile
1453 1693 1529 1743 est,
1562 1703 1662 1743 quo-

113 1757 229 1798 niam
267 1756 351 1798 nisi
395 1756 439 1797 in
473 1756 554 1798 hac
597 1770 623 1795 σ
662 1757 706 1798 in
745 1772 767 1807 ρ
807 1756 958 1798 mutati
1003 1756 1161 1798 nullum
1200 1756 1427 1810 vestigium
1461 1760 1661 1811 superest.

115 1824 234 1866 Unu's
267 1823 665 1878 glossographorum
705 1822 906 1865 Porsillus
942 1824 1246 1878 Hierapytnius
1287 1824 1364 1864 has
1401 1824 1661 1878 singularum

112 1891 278 1934 urbium
315 1889 682 1933 dissimilitudines
720 1894 935 1945 spectasse
971 1891 1147 1933 videtur.
1203 1891 1442 1934 Scholiasta
1473 1891 1585 1933 enim
1616 1891 1659 1932 in

113 1958 234 2001 Hom.
266 1958 345 2001 Od.
377 1973 401 2011 γ
429 1959 505 1998 444
547 1958 592 1999 in
632 1957 818 2000 Crameri
846 1957 1005 2000 Anecd.
1035 1958 1128 2000 Par.
1157 1959 1242 2012 III,
1281 1971 1320 2012 p.
1355 1960 1456 2012 436,
1495 1958 1567 2000 ubi
1605 1958 1659 2000 de

113 2020 260 2076 ἅμνιον
295 2024 500 2067 vocabulo
540 2024 703 2077 scribit,
753 2024 858 2066 haec
901 2024 1022 2066 affert
1070 2038 1122 2066 ex
1167 2025 1279 2066 illius
1324 2025 1658 2067 commentariis:

114 2089 350 2146 Πόρσιλλος
379 2090 422 2132 δὲ
451 2089 474 2131 ὅ
502 2088 773 2145 Ἶεραπύτνιος
803 2092 915 2145 παρὰ
943 2090 1228 2145 Ἶεραπυτνίοις
1258 2089 1313 2132 ἔτι
1344 2089 1553 2141 σώζεσθαι
1583 2092 1659 2145 τὴν

112 2160 257 2215 φωνὴν
285 2159 445 2212 αῗμνιον
486 2158 644 2207 ὸασέως
675 2159 777 2212 μετὰ
815 2161 889 2199 τοῦ
921 2176 932 2199 ι
959 2160 1168 2214 καταρχὴν
1207 2158 1517 2213 προφερομένην
1544 2160 1656 2211 παρὰ

109 2228 157 2266 τὸ
203 2223 315 2279 αἷμα.
381 2228 530 2281 Neque
565 2231 705 2269 tamen
745 2228 789 2268 in
829 2227 895 2269 his
932 2227 1073 2270 verbis
1107 2240 1243 2281 neque
1279 2228 1323 2269 in
1358 2227 1511 2281 glossis
1549 2240 1658 2280 quae

110 2294 225 2350 apud
248 2294 506 2350 Hesychium
533 2297 704 2336 exstant
728 2294 1040 2348 Gortyniorum,
1069 2294 1411 2349 Cydoniatarum,
1439 2293 1656 2348 Polyrrhe-

108 2363 271 2404 niorum
310 2375 387 2404 eae
423 2361 721 2403 vocabulorum
760 2361 918 2404 formae
961 2361 1329 2416 deprehenduntur
1364 2374 1472 2415 quae
1511 2364 1657 2403 contra

108 2441 369 2472 communem
406 2428 577 2470 dialecti
616 2440 805 2479 normam
848 2428 1053 2483 peculiari
1090 2428 1244 2471 civium
1278 2441 1392 2471 more
1420 2427 1657 2482 efferantur,

107 2497 184 2539 sed
215 2509 268 2538 ea
304 2499 468 2537 tantum
505 2495 713 2537 vocabula
751 2509 859 2549 quae
888 2497 1039 2539 ceteris
1071 2496 1340 2539 Cretensibus
1366 2495 1514 2549 ignota
1541 2495 1656 2550 apud

107 2564 219 2606 solos
254 2563 379 2605 unius
415 2562 531 2605 urbis
569 2562 683 2605 cives
721 2576 774 2605 ex
812 2563 1065 2618 antiquitate
1100 2567 1267 2607 servata
1300 2563 1395 2606 sint.
1465 2563 1655 2617 Itemque

107 2632 179 2686 qui
216 2635 360 2674 nostra
396 2634 536 2673 aetate
576 2630 630 2673 de
656 2631 824 2674 Cretica
861 2631 1044 2674 dialecto
1079 2632 1355 2686 scripserunt,
1392 2643 1536 2672 omnes
1568 2629 1657 2673 fere

105 2699 183 2741 has
209 2698 471 2753 singularum
499 2690 774 2741 dialectorum
799 2699 963 2742 insulae
984 2698 1350 2747 dissimilitudines
1365 2697 1655 2752 neglexerunt.

213 2767 335 2808 Hanc
364 2766 494 2821 igitur
532 2765 702 2808 dialecti
734 2766 983 2809 varietatem
1023 2767 1066 2808 in
1095 2766 1216 2809 initio
1245 2778 1374 2821 pono,
1411 2777 1506 2808 cum
1535 2765 1655 2807 insti-

105 2833 255 2875 tuerim
285 2833 340 2875 de
368 2834 567 2876 universa
596 2833 787 2877 Creticae
816 2834 986 2887 linguae
1013 2834 1155 2876 indole
1184 2834 1402 2876 disserere.
1459 2833 1571 2875 Nam
1600 2832 1654 2875 de

1362 2916 1378 2944 1
