1964 3184
293 336 378 371 σεῖ
383 345 471 385 φα·
508 331 661 371 σκοτία.
701 332 874 384 Κρῆτες.
916 328 1098 384 Hesyeh⁴
1182 330 1378 383 Cognata
1413 330 1623 376 vocabula
1649 331 1740 379 <ool-

183 401 289 456 legit
320 399 588 445 Herodianus
616 398 682 442 ed.
710 399 835 441 Lenz.
859 397 912 440 II.
942 410 983 453 p.
1001 397 1103 448 608,
1128 398 1174 454 6:
1209 393 1357 452 ψάφα·
1385 395 1549 453 κνέφας.
1577 395 1743 453 ψέφαςυ

184 466 343 515 σκότος.
374 472 518 521 σεῖφα·
548 466 704 511 σκοτία,
734 466 907 519 Κρῆτες.

295 535 564 583 σκοτίους·
603 534 703 582 τούς
729 530 926 586 ἀνήβους.
983 533 1122 577 Schol.
1159 532 1205 574 in
1238 530 1383 588 Eurip.
1413 532 1502 576 Alc.
1530 534 1620 580 988.
1657 534 1741 586 (ed.

185 604 378 646 Dindorf.
415 604 484 645 IV.
535 616 576 656 p.
616 604 702 642 115.
740 602 765 643 l.
808 603 875 653 12)
921 598 1075 641 σκότιοι
1118 598 1154 640 οἶ
1194 602 1388 653 λαθραῖοι
1425 601 1564 649 παῖδες
1593 601 1740 652 καὶλξ

183 664 490 726 οἷὸᾳδουχήτων
523 664 669 720 γάμων
707 662 922 720 γενόμενοι.
970 659 1175 719 (Όμηρος
1216 663 1383 715 σκότιον
1422 665 1470 708 δέ
1502 681 1546 708 σε
1580 668 1739 722 γείνατο

182 734 333 789 μήτηρ.
363 733 539 783 τούτους
562 735 626 775 καὶ
654 732 804 776 Ῥόδιοι
832 732 1107 788 πατροξένους
1132 735 1338 777 καλοῦσιν.
1379 736 1613 790 Κρῆτες-,δὲ
1638 738 1741 786 ,τούς

184 800 368 857 ἀνήβους
398 803 588 850 σκοτίους
618 801 814 856 λέγουσιν.

296 872 577 924 σμίνθους·
612 867 735 923 μύας.
764 871 901 914 Schol.
923 870 967 912 in
989 870 1179 913 Hom.'Il.
1198 871 1231 918 I.
1262 871 1326 913 39.
1386 869 1424 915 οἱ
1464 873 1626 926 Κρῆτες
1642 873 1742 921 τούς

186 937 298 991 μύας
327 939 535 991 σμίνθους
554 939 760 978 καλοῦσιν.
811 939 987 981 Tzetzes
1004 938 1061 980 ad
1072 938 1277 993 Lycophr.
1293 939 1412 988 1302:
1443 937 1480 986 οἱ
1503 936 1605 991 μύες
1626 940 1737 994 παρα)

195 1007 330 1059 Κρησὶ
374 1006 561 1058 σμίνθιοι
597 1005 641 1057 (l.
672 1004 861 1056 σμίνθοι)
889 1006 1116 1045 καλοῦνται.
1171 1005 1290 1048 Serv.
1320 1005 1379 1051 ad
1404 1006 1509 1052 Aen.
1536 1008 1613 1054 III.
1646 1009 1743 1058 108:

187 1075 413 1118 Cretenses
448 1085 607 1116 murem
647 1071 915 1116 sminthicem
951 1071 1121 1127 dicunt,
1164 1072 1240 1115 alii
1274 1072 1421 1117 dicunt
1457 1077 1501 1119 et
1536 1075 1742 1119 sminthos

190 1155 331 1185 mures
361 1141 505 1184 vocari
535 1154 562 1182 a
586 1140 839 1195 Phrygibus.
895 1140 1112 1183 Vocabulo
1152 1153 1252 1183 usus
1288 1144 1354 1184 est
1378 1141 1577 1197 Aeschyl.
1605 1143 1650 1185 in
1678 1144 1743 1187 Si-

187 1209 324 1266 sypho
353 1222 422 1264 ap.
452 1208 543 1251 Ael.
574 1207 626 1250 H.
658 1207 710 1250 A.
740 1207 837 1249 XII.
867 1209 905 1250 5.

296 1274 541 1315 σπάδιον·
567 1275 614 1315 τὸ
646 1272 826 1315 στάδιον.
860 1277 1071 1328 (Κρῆτες).
1101 1276 1226 1330 Greg.
1258 1276 1350 1319 Cor.

945 1398 995 1435 T.

300 1475 537 1531 Τάγανα·
576 1479 721 1517 ταῦτα.
760 1479 935 1530 Κρῆτες.
974 1477 1156 1534 Hesych.
1219 1477 1375 1526 Glossa
1415 1482 1614 1534 suspecta
1646 1493 1740 1522 nee-

187 1546 287 1588 dum
317 1546 545 1601 explicata.

300 1610 492 1653 Ταλαιό
504 1629 543 1661 ς·
580 1612 603 1654 ὁ
634 1613 740 1660 Ζεύς
775 1612 817 1653 ἐν
857 1609 1019 1667 Κρήτῃ.
1056 1613 1239 1668 Hesych.
1317 1613 1527 1656 Vitiosum
1564 1617 1629 1657 est
1663 1627 1741 1669 pro

191 1683 415 1734 Ταλλαῖος,
443 1693 526 1734 quo
555 1681 725 1723 nomine
757 1680 918 1735 Iupiter
946 1680 1186 1734 appellatur
1211 1681 1258 1723 O.
1285 1681 1316 1722 Ι.
1347 1681 1465 1720 2554.
1496 1681 1548 1721 95
1577 1684 1621 1722 et
1653 1682 1740 1739 173.

186 1752 229 1791 et
259 1749 303 1790 in
334 1749 398 1791 tit.
428 1749 549 1792 Drer.
578 1748 605 1791 l.
640 1749 701 1791 18.

293 1817 478 1867 τᾶμος“
518 1817 663 1868 τῆμος.
709 1816 921 1869 (Κρῖὲτες).
964 1816 1089 1870 Greg.
1128 1816 1221 1859 Cor.
1280 1816 1397 1862 Non.
1420 1816 1604 1860 solorum
1644 1817 1740 1861 Cre-

184 1883 368 1926 tensium
400 1887 474 1926 est.

293 1948 451 2004 τοίως·
490 1949 606 1999 τέως.
640 1952 815 2004 Κρῆτες.
851 1950 1034 2006 Hesych.
1092 1951 1265 1995 Dictum
1292 1953 1366 1997 'est
1402 1964 1457 1996 ex
1493 1951 1617 1997 Solito
1655 1952 1739 1997 Do-

187 2018 400 2072 riensibus
429 2019 585 2072 veteris
613 2034 639 2057 a
668 2031 823 2061 amore.
879 2032 918 2060 v.
947 2019 1126 2061 Ahrens.
1154 2018 1196 2060 d.
1228 2018 1269 2061 d.
1299 2018 1401 2061 Dor.
1433 2032 1473 2073 p.
1505 2020 1599 2062 200.

291 2091 373 2127 τεΐ
377 2101 452 2126 ον·
481 2090 610 2126 ποῖον.
644 2087 817 2140 Κρῧτες.
850 2085 1031 2142 Hesyoh.
1062 2085 1392 2142 Suspectissima
1408 2086 1740 2142 glossaAhrenti

189 2166 283 2196 esse
311 2152 548 2197 videbatur.
608 2153 760 2208 Neque
787 2153 936 2208 negari
964 2157 1106 2209 potest
1135 2153 1615 2211 adessef'suspicionem,
1658 2155 1746 2202 nisi

183 2221 241 2263 ad
275 2221 465 2265 radicem
498 2220 578 2262 TE
601 2234 697 2265 eam
735 2234 1004 2277 revocamus,
1041 2222 1109 2266 cui
1135 2221 1238 2266 insit
1279 2221 1347 2265 vis
1392 2220 1741 2277 demonstrativa,

183 2289 296 2332 unde
326 2292 431 2332 nata
459 2293 558 2332 sunt
584 2293 627 2333 et
655 2290 779 2343 τῆνος
806 2293 850 2333 et
876 2287 989 2338 τοίως
1018 2293 1061 2333 et
1088 2289 1267 2335 fortasse
1294 2285 1470 2343 τάγανα,
1499 2293 1576 2340 τυῖ,
1605 2285 1725 2344 ὅτυι..

293 2355 349 2397 τέ
355 2370 432 2411 ορ·
463 2358 553 2398 σοῦ.
584 2357 760 2411 Κρῧτες.
790 2357 974 2414 Hesych.
1040 2357 1220 2401 Ahrens.
1256 2356 1296 2400 d.
1335 2355 1377 2400 d.
1412 2356 1512 2401 Dor.
1548 2370 1588 2414 p.
1619 2358 1672 2400 74
1699 2361 1743 2402 et

184 2426 265 2465 249
306 2440 330 2477 ρ
359 2438 436 2480 pro
465 2439 492 2464 σ
528 2425 714 2480 positum
751 2438 846 2469 esse
882 2425 1008 2469 docet
1043 2425 1088 2467 in
1125 2417 1335 2468 similibus
1371 2424 1538 2478 formis,
1575 2428 1622 2467 ut
1652 2424 1745 2473 τέος

184 2493 372 2549 genuina
408 2492 608 2538 vocabuli
638 2492 774 2537 forma
800 2492 1088 2538 existimanda
1123 2492 1191 2537 sit.
1258 2492 1402 2547 Quare
1437 2504 1524 2537 non
1557 2491 1743 2543 debebat

183 2562 239 2604 M.
270 2561 532 2606 Schmidtius
561 2560 652 2616 τρέ·
682 2561 732 2603 σέ
757 2575 1018 2618 comparare.
1073 2562 1224 2616 Neque
1250 2565 1365 2606 recte
1389 2560 1649 2612 contendunt
1667 2562 1741 2616 qui

185 2629 265 2672 oin
278 2645 301 2685 ρ
321 2629 504 2684 transire
523 2643 607 2673 non
623 2642 751 2688 posse
767 2629 814 2673 in
825 2628 1186 2676 Creticadialecto
1194 2632 1407 2674 censeant.
1436 2627 1743 2689 Quodquidem

184 2697 229 2740 in
248 2698 494 2742 universum
515 2711 600 2741 non
618 2698 769 2754 potuit,
786 2697 902 2756 apud
913 2697 1144 2754 Gortynios
1160 2701 1305 2742 tamen
1318 2710 1404 2751 nen
1418 2696 1637 2751 insolitum
1649 2695 1740 2748 fuit.

292 2767 352 2820 τῇ
366 2765 429 2806 δε.
457 2766 592 2810 Proel.
622 2766 667 2809 in
694 2766 866 2820 Hesiod.
893 2766 1006 2823 opp.
1029 2767 1104 2809 631
1134 2766 1220 2821 (ed.
1237 2763 1450 2819 eaisford-
1466 2764 1541 2817 m
1560 2777 1603 2824 p.
1620 2763 1743 2819 298»

183 2833 248 2873 καὶ
276 2831 433 2874 ἐθέλων
457 2833 588 2873 ·εἷπεῖν
624 2829 689 2874 ὅτι
725 2826 861 2890 ἦλθον
893 2834 947 2882 εἷς
978 2832 1200 2884 Βοιωτίαν,
1237 2829 1371 2881 οὕτως
1400 2828 1523 2874 εἶπεν·
1562 2825 1610 2881 ὃς
1642 2845 1741 2882 ποτε

183 2900 248 2942 καὶ
272 2898 365 2957 τῇδ’
398 2892 501 2956 ἦλθε
528 2901 674 2954 βαθῦν
707 2902 776 2943 διὰ
803 2899 955 2944 πόντον
983 2898 1179 2950 α’νύσσας.
1221 2900 1363 2957 Δηλοῖ
1381 2899 1460 2956 γὰρ
1487 2895 1591 2953 αὐτό
1615 2899 1741 2951 mim)
