1964 3184
902 150 1144 192 ...9-

241 271 291 297 na
318 258 378 311 μὴ
404 255 601 311 πράξοντι
637 259 664 300 l.
698 259 784 300 118.
839 255 903 299 ὅτι
939 257 987 299 δέ
1020 274 1070 299 κα
1106 254 1303 312 πράξοντι
1340 257 1367 299 l.
1397 258 1484 299 123.
1540 257 1658 300 Haec
1692 261 1790 300 sunt

241 324 315 368 illa
343 325 495 380 quibus
517 325 761 368 Dethierius
790 329 1002 381 permotus
1033 328 1098 369 est
1125 329 1172 368 ut
1199 325 1321 379 quasi
1344 324 1591 378 Pelasgicae
1615 324 1787 379 linguae

240 392 441 448 reliquias
468 392 682 436 invenisse
707 392 788 435 sibi
816 392 1038 436 videretur.

346 461 457 502 Huic
492 460 735 502 Dreriorum
774 459 955 501 dialecto
986 460 1200 502 simillima
1229 465 1294 503 est
1319 461 1466 515 lingua
1492 473 1576 514 qua
1600 460 1786 515 scriptae

239 530 337 569 sunt
360 526 545 581 litterae,
570 527 873 583 suppositiciae
901 530 1034 581 certe,
1059 526 1324 582 Epimenidis
1355 527 1410 570 ad
1435 527 1645 582 Solonem,
1675 540 1784 582 quae

239 598 407 636 exstant
434 594 550 649 apud
576 595 701 649 Diog.
730 595 867 637 Laert.
900 595 930 635 Ι.
964 597 1010 634 10
1037 593 1119 647 (ed.
1148 594 1291 636 Cobet.
1322 609 1363 649 p.
1378 597 1430 635 29
1458 596 1508 637 A.
1536 595 1561 636 1.
1588 596 1640 635 36
1660 596 1782 649 sqq.).

237 661 304 704 De
333 674 418 717 qua
434 675 593 717 magna
607 674 773 717 semper
790 661 999 703 dubitatio
1017 661 1109 714 fuit,
1138 674 1238 703 num
1256 661 1422 704 Cretica
1438 665 1550 704 recte
1566 661 1781 704 habeatur.

236 730 386 785 Neque
428 730 576 785 negari
619 733 758 784 potest
802 733 900 772 ante
936 729 1104 771 titulum
1142 729 1334 771 Drerium
1381 730 1599 771 inventum
1633 730 1782 771 merito

237 796 432 840 dubitare
473 796 656 852 licuisse.
741 797 929 839 Fuerunt
974 797 1086 839 enim
1129 797 1201 851 qui
1248 796 1557 839 offenderentur
1599 797 1782 839 maxime

235 864 379 906 formis
405 862 721 918 θητευόντεσσι,
747 861 859 912 neda,
892 864 988 906 aliis
1015 877 1124 918 quae
1155 864 1211 905 ad
1241 863 1287 905 id
1311 869 1476 917 tempus
1503 876 1710 917 nusquam
1737 864 1780 904 in

236 930 413 972 Creticis
451 931 586 973 titulis
622 934 913 985 provenerant.
982 931 1068 973 Sed
1103 930 1207 972 illud
1244 933 1383 971 tamen
1417 930 1655 971 mirandum
1692 934 1783 972 erat

235 997 347 1050 quod
377 997 579 1040 nonnulla
606 998 814 1041 vocabula
841 1011 941 1040 vere
968 998 1134 1040 Cretica
1162 997 1387 1040 exstabant
1414 998 1458 1039 in
1483 997 1559 1039 illa
1585 997 1780 1052 epistula,

234 1068 280 1106 ut
303 1079 354 1103 κα
383 1078 458 1120 pro
484 1079 524 1104 κε
548 1065 616 1108 vel
645 1061 695 1105 ἄν
722 1069 764 1108 et
791 1066 962 1117 τεθμοῖς
989 1079 1065 1120 pro
1085 1067 1269 1117 θεσμοῖς.
1327 1066 1417 1107 Iam
1437 1077 1536 1107 vero
1555 1069 1779 1120 postquam

233 1132 417 1173 innotuit
451 1132 623 1174 Drerios
658 1146 822 1186 quoque
850 1133 1040 1174 dativum
1076 1133 1253 1187 pluralis
1279 1133 1440 1174 numeri
1469 1133 1513 1173 in
1545 1147 1610 1171 σιν
1640 1133 1778 1174 termi-

231 1211 357 1241 nasse
385 1202 531 1241 contra
556 1199 775 1254 vulgarem
801 1212 921 1242 usum
951 1199 1123 1254 linguae
1151 1199 1403 1254 eosdemque
1426 1212 1523 1242 usos
1544 1212 1638 1242 esse
1656 1212 1775 1255 prae-

232 1266 441 1320 positione
469 1264 569 1306 πεὸά
596 1267 703 1308 nihil
738 1267 825 1309 fere
852 1271 982 1309 restat
1016 1280 1089 1309 cur
1115 1267 1333 1309 cuiusdam
1369 1267 1533 1308 insulae
1558 1267 1674 1309 urbis
1700 1268 1776 1308 lin-

232 1340 370 1385 guamx
379 1345 521 1375 veram
539 1332 650 1375 tradi
670 1332 751 1375 hac
772 1333 955 1389 epistula
975 1345 1152 1387 eamque
1170 1332 1347 1375 Dreriae
1373 1332 1543 1375 affinem
1560 1345 1776 1388 negemus.

231 1400 342 1441 Nam
370 1413 423 1443 ne
452 1401 637 1455 ipsorum
662 1401 905 1443 Dreriorum
931 1401 1102 1455 linguae
1122 1400 1417 1443 documentum
1438 1413 1531 1442 esse
1555 1400 1777 1442 credamus

229 1466 336 1508 illud
363 1465 554 1521 impedit,
582 1466 694 1521 quod
721 1467 767 1509 in
795 1467 917 1510 titulo
945 1480 1045 1509 vere
1072 1467 1222 1509 Drerio
1251 1482 1311 1507 πει
1342 1471 1493 1521 exstat,
1538 1468 1583 1509 in
1608 1467 1776 1522 Epime-

229 1533 343 1576 nidis
369 1534 553 1589 epistula
579 1551 635 1586 πη
668 1538 709 1576 et
734 1534 847 1588 quod
885 1535 930 1576 in
958 1535 1031 1576 illo
1059 1535 1326 1577 accusativus
1362 1535 1538 1590 pluralis
1562 1535 1607 1576 in
1634 1550 1679 1581 ος
1707 1535 1776 1577 vel

231 1615 324 1650 ους,
352 1600 397 1641 in
425 1601 507 1642 hac
533 1601 578 1642 in
608 1615 665 1647 ως
694 1601 861 1643 desinit.

339 1668 355 1708 Ι
358 1680 427 1710 am
453 1680 581 1723 supra
601 1667 697 1710 dixi
726 1668 931 1723 paulatim
951 1668 1150 1711 Doricam
1179 1668 1352 1711 dialecti
1371 1669 1563 1711 Creticae
1590 1668 1774 1711 indolem

228 1734 284 1776 ad
322 1735 511 1789 vulgaris
546 1735 698 1778 Graeci
743 1736 947 1777 sermonis
986 1736 1304 1778 similitudinem
1338 1749 1431 1779 esse
1464 1739 1773 1778 commutatam.

229 1803 277 1844 In
317 1816 399 1857 quo
437 1803 536 1845 urbs
569 1803 671 1845 urbe
706 1803 895 1845 tenacior
930 1808 1020 1845 erat
1053 1804 1278 1846 formarum
1313 1808 1580 1846 vetustarum.
1634 1803 1773 1854 Quare

232 1874 396 1925 tempus
423 1870 503 1911 fuit
529 1870 669 1924 (tertio
696 1871 783 1912 fere
813 1871 980 1912 saeculo
1009 1871 1228 1925 exeunte),
1257 1884 1338 1924 quo
1365 1871 1477 1913 aliae
1505 1871 1630 1913 urbes
1657 1870 1772 1912 nullo

226 1937 468 1980 discrimine
511 1937 623 1980 facto
663 1937 877 1991 utriusque
922 1937 1095 1980 dialecti
1140 1937 1284 1980 formis
1326 1938 1491 1979 mixtim
1534 1937 1772 1991 utebantur,

225 2004 336 2046 aliae
362 2004 604 2058 asperrimis
630 2003 775 2045 formis
802 2008 844 2045 et
871 2017 899 2045 a
925 2005 1091 2059 vulgari
1122 2018 1198 2046 usu
1226 2005 1410 2046 maxime
1429 2004 1581 2046 alienis
1598 2005 1770 2045 mutatis

224 2071 268 2113 in
303 2071 453 2114 ceteris
489 2070 670 2113 Doricae
705 2070 877 2126 linguae
916 2072 1101 2127 speciem
1138 2071 1419 2127 praebebant,
1456 2070 1568 2112 aliae
1607 2071 1687 2113 nisi
1726 2071 1768 2112 in

224 2139 448 2194 perpaucis
482 2138 607 2181 rebus
636 2151 663 2179 a
688 2142 830 2181 vetere
862 2152 963 2181 suae
987 2139 1159 2181 dialecti
1192 2138 1493 2181 consuetudine
1519 2151 1604 2180 non
1634 2151 1767 2180 reces-

224 2210 378 2249 serunt.
435 2206 484 2247 In
512 2205 624 2260 quod
652 2209 816 2261 tempus
844 2217 989 2247 omnes
1015 2205 1126 2247 tituli
1144 2205 1439 2248 Teio-Cretici
1468 2206 1541 2259 qui
1563 2210 1768 2248 vocantur

222 2273 423 2316 incidunt.
477 2273 532 2314 Et
558 2273 602 2314 in
630 2286 774 2315 eorum
801 2273 973 2327 quidem
998 2286 1183 2321 numero,
1211 2274 1282 2327 qui
1313 2273 1478 2328 priscae
1508 2273 1679 2327 linguae
1704 2273 1766 2314 in-

222 2341 362 2383 dolem
388 2340 475 2382 fere
499 2340 708 2394 integram
734 2344 974 2394 servarunt,
1008 2345 1105 2383 sunt
1132 2340 1259 2383 Vaxii
1295 2340 1588 2393 (O.1.3050)‚
1627 2340 1700 2394 qui
1726 2346 1768 2381 et

222 2407 439 2462 digamma
474 2407 734 2449 retinuerunt
765 2411 808 2449 et
843 2408 1131 2450 accusativum
1168 2408 1343 2462 pluralis
1371 2408 1415 2448 in
1444 2422 1509 2461 νς,
1543 2407 1683 2448 futura
1718 2407 1766 2454 in

223 2475 292 2525 ξῶ,
319 2474 552 2529 genitivum
582 2474 626 2515 in
652 2488 686 2513 ω
714 2474 964 2529 terminant,
992 2475 1109 2517 Lasii
1130 2475 1193 2526 (C.
1212 2476 1243 2516 Ι.
1262 2476 1403 2527 3058),
1427 2474 1499 2528 qui
1523 2456 1790 2516 accusativo

220 2542 264 2583 in
291 2556 355 2591 νς,
394 2540 596 2583 feminino
638 2541 853 2595 participii
891 2543 935 2583 in
975 2557 1073 2591 νσα,
1113 2542 1332 2584 infinitivis
1368 2542 1413 2583 in
1447 2541 1694 2590 ev,f11turis
1721 2541 1767 2582 in

224 2609 354 2661 ίομεν,
403 2608 529 2650 tertia
565 2607 741 2663 pluralis
776 2621 958 2663 persona
991 2609 1036 2651 in
1071 2625 1133 2649 ντι
1166 2613 1343 2652 exeunte
1378 2612 1569 2662 utuntur3
1620 2608 1767 2650 Cnosii

215 2676 283 2733 ι(Ο.
311 2677 345 2718 Ι.
373 2676 518 2728 3053),
562 2674 678 2730 apud
705 2688 809 2729 quos
837 2677 1051 2730 genitivus
1076 2677 1120 2719 in
1150 2692 1195 2724 ω,
1226 2676 1492 2719 accusativus
1516 2676 1693 2730 pluralis
1722 2676 1767 2717 in

222 2757 267 2790 ος
285 2744 384 2797 exit,
411 2739 494 2797 πάρ
512 2746 553 2784 et
566 2742 710 2787 πολίας
727 2742 1010 2798 inveniuntur,
1038 2744 1113 2786 sed
1128 2741 1261 2793 πόλει,-
1285 2743 1552 2799 Hierapytnii
1565 2743 1667 2795 (Mn.
1678 2743 1769 2796 IV),

222 2810 294 2863 qui
321 2809 575 2852 infinitivum
604 2810 648 2851 in
676 2825 733 2859 εν,
763 2812 1052 2855 accusativum
1082 2811 1255 2867 pluralis
1285 2811 1328 2852 in
1360 2825 1424 2864 ος,
1465 2811 1605 2852 futura
1644 2811 1688 2851 in
1719 2810 1766 2850 ίω

1477 2892 1495 2913 ὓ
