1964 3184
862 160 1128 201 ..η-82,

325 265 493 321 δηράδ
504 281 562 314 ες·
594 266 752 317 βουνοί.
788 266 970 322 Hesych.
1034 265 1297 309 Vocabulum
1333 265 1378 307 in
1418 264 1597 308 Creticis
1634 265 1769 326 titulis

215 346 534 390 nonnumquam
558 337 717 377 exstat:
748 334 790 378 C.
818 334 852 376 Ι.
881 334 1001 388 2554,
1034 334 1123 375 134.
1153 334 1239 375 169.
1269 333 1388 375 2561.
1417 334 1483 375 65.
1510 332 1573 376 tit.
1601 332 1769 388 Bergm.

222 403 284 444 18.
316 403 377 444 19.
438 403 602 445 Ahrens
633 402 691 454 (d.
720 403 761 445 d.
792 402 891 443 Dor.
923 415 964 455 p.
992 403 1082 452 159)
1112 405 1225 444 recte
1253 402 1417 444 censuit
1443 414 1520 455 pro
1545 397 1680 454 δειράς
1706 401 1768 443 di-

216 472 331 512 ctum
358 481 453 512 esse
484 468 757 524 productione
786 468 1049 524 suppletoria
1077 468 1258 522 Dorica,
1287 481 1381 511 cum
1409 468 1615 511 Lesbiace
1643 465 1769 522 δέρρα

219 538 276 580 sit
306 550 384 592 pro
414 538 538 591 δειρῇ.

328 605 354 644 δ
365 602 575 644 ιάκινον·
595 602 847 657 δυσκίνητον.
865 603 1028 657 Κρῆτες
1046 606 1089 646 et
1110 602 1136 643 δ
1145 600 1355 644 ιάκονιν·
1377 602 1629 657 δυσκίνητον.
1653 603 1768 658 Κρῆ-

219 689 298 720 τες.
343 674 435 715 Has
461 673 568 715 duas
591 671 795 727 Hesychii
820 671 985 725 glossas
1011 671 1225 726 explicare
1247 672 1403 715 nescio.
1426 671 1483 715 M.
1509 671 1769 715 Schmidtius

216 740 414 783 hebetem
440 738 509 781 vel
537 738 732 781 obtusum
760 738 942 792 intelligi
971 738 1081 792 vult,
1112 751 1207 781 cum
1235 742 1453 794 comparat
1482 738 1670 786 ὃιακονίς·
1700 734 1766 779 ἂν-

218 811 396 862 θρωπος
429 805 451 848 ὁ
479 807 538 860 μὴ
566 803 728 854 πυκνός.

331 875 357 914 δ
366 871 561 926 ιανδής·
591 870 875 927 πολυχρόνιος.
912 874 1081 927 Κρῆτες.
1111 873 1290 929 Hesych.

330 939 593 983 διάπονοι.
628 941 731 984 ΡΟῙΙ.
761 941 812 984 V.
842 944 894 983 40
922 946 965 985 et
992 944 1057 983 41.
1095 956 1136 997 p.
1164 943 1243 983 200
1281 942 1346 985 ed.
1373 942 1576 987 Bekker.:
1616 943 1700 984 τῶν
1728 940 1775 982 δέ

219 1025 261 1064 γε
294 1010 515 1063 Κρητικῶν
542 1009 675 1048 κυνῶν
704 1006 740 1048 οἱ
760 1008 844 1066 Ιμὲν
873 1006 1135 1059 διάπονοι,
1180 1007 1217 1049 οἶ
1245 1009 1289 1049 δὲ
1313 1007 1571 1061 πάριπποι
1598 1011 1771 1049 καλοῦν-

219 1093 306 1127 ται,
342 1073 529 1116 διάπονοι
566 1074 642 1128 μὲν
678 1070 750 1123 οὕς
784 1090 888 1131 φασι
921 1076 985 1116 καὶ
1014 1077 1091 1125 τὰς
1119 1074 1269 1125 νύκτας
1297 1081 1385 1124 ταῖς
1415 1075 1585 1132 ἡμέραις
1609 1076 1650 1117 ἐν
1679 1081 1770 1125 ταΐς

218 1146 324 1199 πρὸς
360 1144 414 1184 τοὶ
451 1143 582 1197 θηρία
613 1140 769 1195 μάχαις
797 1141 1083 1195 ἐπιλαμβάνειν
1108 1145 1173 1183 καὶ
1195 1141 1387 1191 πολλάκις
1415 1143 1774 1198 παρευνασθέντας

218 1217 305 1260 τοῖς
334 1211 497 1266 θηρίοις
521 1211 618 1263 μεθ’
642 1208 798 1263 ἡμέραν
829 1206 1034 1263 ἄρχεσθαι
1062 1213 1136 1265 τῆς
1162 1208 1311 1265 μάχης.
1343 1209 1380 1251 οἱ
1408 1210 1452 1252 δὲ
1467 1208 1667 1267 πάριπποι
1685 1216 1772 1260 τοῖς

216 1279 359 1326 ἵπποις
389 1276 639 1318 συνθέουσιν
667 1274 759 1317 οὔτε
786 1277 1037 1331 προθέοντες
1067 1276 1158 1319 οὔτε
1182 1280 1267 1332 μὴν
1293 1277 1614 1332 ἀπολειπόμενοι.

328 1346 492 1398 δίβαν·
523 1340 632 1408 ὅφιν.
662 1345 837 1399 Κρῆτες.
868 1345 1052 1401 Hesych.
1078 1347 1208 1390 Recte
1234 1346 1414 1390 fortasse
1433 1347 1489 1389 M.
1510 1346 1770 1391 Schmidtius

221 1428 275 1457 ex
304 1414 343 1454 δι
373 1417 417 1456 et
443 1407 573 1465 βαῖνω
601 1412 810 1456 coaluisse
832 1413 1085 1457 vocabulum
1111 1419 1233 1471 putat
1258 1419 1304 1458 ut
1329 1415 1444 1458 idem
1472 1415 1528 1458 sit
1555 1415 1668 1470 quod
1689 1412 1771 1467 ἀμ-

222 1482 434 1538 φίσβαινα.
464 1481 516 1524 cf.
546 1485 688 1524 tamen
715 1480 771 1536 gl.
801 1480 989 1536 δίφατον.

328 1546 479 1589 διττά
489 1565 520 1600 μ
533 1563 657 1588 ενον·
698 1545 959 1602 ἀρνούμενον.
1000 1550 1175 1603 Κρῆτες.
1213 1550 1398 1605 Hesych.
1469 1550 1525 1593 Et
1559 1550 1694 1594 forma
1730 1554 1773 1593 et

221 1618 362 1673 ipsum
388 1616 642 1659 vocabulum
670 1628 774 1658 sane
798 1616 1013 1659 mirabilia
1040 1620 1159 1670 sunt,
1197 1617 1282 1660 nisi
1310 1630 1386 1672 pro
1416 1614 1675 1670 διιστάμενον
1703 1617 1773 1660 vel

223 1698 301 1740 pro
318 1681 563 1735 ὁιστάμενον
591 1686 661 1725 est-
683 1683 899 1736 ‚recedens
927 1684 983 1727 ab
1012 1684 1187 1727 alterius
1216 1685 1452 1729 sententia.’
1491 1686 1642 1740 Neque
1659 1685 1773 1728 enim

223 1753 278 1795 dc
314 1752 492 1794 duarum
521 1767 534 1789 ι
558 1751 775 1793 literarum
808 1751 852 1793 in
882 1764 1010 1794 unam
1037 1752 1323 1795 contractione
1351 1752 1547 1795 dubitare
1574 1752 1675 1795 licet
1702 1765 1772 1794 ne-

223 1833 305 1874 que
332 1819 386 1862 de
415 1818 722 1861 assimilatione
752 1831 851 1861 vere
879 1819 1058 1862 Cretica.
1113 1820 1228 1862 Nota
1250 1820 1363 1862 enim
1391 1827 1489 1862 sunt
1516 1818 1690 1860 ἱθθᾶντι
1719 1832 1772 1862 ex

225 1885 382 1927 ἶστᾶντι
416 1890 459 1929 et
498 1882 698 1932 ἷθθάντες
729 1898 782 1928 ex
821 1883 1003 1933 ἱστάντες
1035 1890 1141 1928 nata
1173 1886 1217 1928 in
1256 1886 1319 1928 tit.
1348 1887 1517 1941 Bergm.
1546 1886 1572 1928 l.
1599 1888 1673 1928 54.
1703 1887 1772 1938 (cf.

225 1954 353 1997 etiam
379 1953 436 2008 gl.
463 1950 744 2010 θετταλιῙα]ς.)
797 1953 960 2005 Quibus
982 1954 1189 2010 exemplis
1215 1951 1456 2007 διττάμενον
1479 1953 1607 1998 valde
1636 1954 1775 1997 Simile

225 2026 302 2078 est,
331 2026 627 2079 praeterquam
655 2021 768 2077 quod
796 2027 894 2078 post
921 2037 947 2062 σ
974 2022 1142 2065 literam
1174 2038 1198 2063 τ
1226 2036 1310 2065 non
1340 2022 1511 2065 transiit
1538 2022 1584 2065 in
1613 2022 1660 2064 θ.

335 2091 361 2130 δ
371 2090 425 2145 lq>
436 2103 570 2131 ατον·
608 2086 715 2144 ὅφιν.
759 2090 932 2144 Κρῖτες.
969 2090 1152 2145 Hesyeh.
1218 2090 1348 2134 Recte
1387 2090 1493 2133 mihi
1520 2089 1690 2132 videtur
1717 2089 1773 2131 M.

222 2159 484 2203 Schmidtius
514 2157 629 2213 ὁίφα,
658 2157 733 2197 τὸν
759 2154 857 2212 ὅφιν
886 2158 1015 2201 scribi
1044 2158 1206 2212 iubere,
1245 2162 1291 2201 ut
1321 2172 1348 2200 a
1373 2158 1635 2200 nominativo
1662 2157 1771 2208 *δίψ

221 2227 451 2270 deductum
485 2228 529 2277 (a
569 2238 652 2279 quo
689 2226 819 2268 etiam
855 2225 975 2277 ὁίβαν
1007 2226 1276 2269 accusativus
1316 2231 1440 2268 natus
1474 2238 1568 2268 esse
1604 2224 1773 2280 potest),

222 2294 343 2337 cuius
372 2293 555 2348 amplior
580 2291 716 2334 forma
742 2290 873 2344 διψάς
899 2297 1138 2348 serpentem
1163 2297 1293 2335 notat.

334 2358 586 2414 δόρκανα·
619 2357 809 2412 ἀκριβῶς.
847 2361 1020 2414 Κρῆτες.
1049 2360 1252 2415 Ηθεγοὴ.,
1299 2374 1326 2403 a·
1353 2358 1504 2415 δέρκω,
1530 2363 1577 2403 ut
1606 2359 1774 2402 Videtur

222 2429 462 2473 derivatum
491 2442 568 2485 pro
597 2427 821 2482 ,dilucidess

329 2495 529 2538 δόνακα·
569 2494 765 2548 κάλαμον.
805 2496 979 2550 Κρῆτες.
1016 2496 1197 2553 Hesyeh.
1263 2496 1524 2540 Vocabulum
1550 2498 1616 2538 est
1644 2494 1773 2549 vulgo

223 2566 425 2609 usitatum
455 2578 593 2620 neque
619 2564 883 2608 Cretensium
912 2564 1140 2619 proprium.

329 2630 471 2687 δορά·
502 2631 645 2687 δέρμα.
678 2633 841 2686 Κρῆτες
870 2630 914 2670 δὲ
941 2631 1006 2671 καὶ
1036 2631 1111 2684 τὴν
1138 2627 1260 2671 δοκόν
1287 2630 1368 2674 ΕΜ
1393 2631 1486 2684 284,
1516 2632 1576 2672 12.
1619 2629 1774 2672 Glossa

224 2700 399 2743 confusa
428 2704 494 2743 est
522 2713 617 2743 cum
645 2699 762 2752 δόρυ.
802 2698 910 2741 Vide
938 2698 1142 2753 Hesychii
1173 2696 1289 2752 δόρυ·
1316 2694 1455 2740 ὅπλον.
1486 2695 1624 2751 λόγχη.
1652 2693 1771 2736 οἶκόν-

223 2783 323 2811 τιον.
353 2768 415 2807 καὶ
447 2769 529 2808 πᾶν
562 2764 684 2816 ’ξύλον
713 2761 739 2807 ὃ
765 2764 896 2808 δοκόν.

318 2836 359 2875 ’δ
370 2851 393 2889 ρ
407 2852 428 2876 ο
440 2853 451 2875 ι
465 2834 489 2876 ό
498 2849 530 2876 ν’
558 2833 692 2876 καλόν.
726 2836 898 2889 Κρῆτες.
927 2834 1110 2890 Hesyeh.
