<?xml version="1.0" encoding="UTF-8"?>
<!DOCTYPE html PUBLIC "-//W3C//DTD XHTML 1.0 Transitional//EN"
    "http://www.w3.org/TR/xhtml1/DTD/xhtml1-transitional.dtd">
<html xmlns="http://www.w3.org/1999/xhtml" xml:lang="en" lang="en">
 <head>
  <title>
</title>
<meta http-equiv="Content-Type" content="text/html;charset=utf-8" />
  <meta name='ocr-system' content='tesseract 3.04.00' />
  <meta name='ocr-capabilities' content='ocr_page ocr_carea ocr_par ocr_line ocrx_word'/>
</head>
<body>
  <div class='ocr_page' id='page_1' title='image "./4627208_0054.png"; bbox 0 0 1964 3184; ppageno 0'>
   <div class='ocr_carea' id='block_1_1' title="bbox 891 212 1155 253">
    <p class='ocr_par' dir='ltr' id='par_1_1' title="bbox 891 212 1155 253">
     <span class='ocr_line' id='line_1_1' title="bbox 891 212 1155 253; baseline 0.008 -7"><span class='ocrx_word' id='word_1_1' title='bbox 891 212 1155 253; x_wconf 63' lang='grc' dir='ltr'>..4οῄ</span> 
     </span>
    </p>
   </div>
   <div class='ocr_carea' id='block_1_2' title="bbox 245 316 1801 986">
    <p class='ocr_par' dir='ltr' id='par_1_2' title="bbox 354 316 980 374">
     <span class='ocr_line' id='line_1_2' title="bbox 354 316 980 374; baseline -0.006 -12"><span class='ocrx_word' id='word_1_2' title='bbox 354 319 419 374; x_wconf 83' lang='grc' dir='ltr'>με’</span> <span class='ocrx_word' id='word_1_3' title='bbox 425 335 565 363; x_wconf 88' lang='grc' dir='ltr'><strong><em>ντον·</em></strong></span> <span class='ocrx_word' id='word_1_4' title='bbox 589 316 729 373; x_wconf 71' lang='grc' dir='ltr'><strong><em>μέντοι</em></strong></span> <span class='ocrx_word' id='word_1_5' title='bbox 755 331 793 361; x_wconf 84' lang='lat' dir='ltr'>v.</span> <span class='ocrx_word' id='word_1_6' title='bbox 822 317 880 373; x_wconf 86' lang='lat' dir='ltr'>gl.</span> <span class='ocrx_word' id='word_1_7' title='bbox 905 316 980 367; x_wconf 75' lang='grc' dir='ltr'>ἔνς.</span> 
     </span>
    </p>

    <p class='ocr_par' dir='ltr' id='par_1_3' title="bbox 245 385 1800 578">
     <span class='ocr_line' id='line_1_3' title="bbox 354 385 1800 446; baseline 0 -17"><span class='ocrx_word' id='word_1_8' title='bbox 354 388 516 442; x_wconf 80' lang='grc' dir='ltr'><em>μητρί</em></span> <span class='ocrx_word' id='word_1_9' title='bbox 522 404 562 436; x_wconf 87' lang='grc' dir='ltr'>ς·</span> <span class='ocrx_word' id='word_1_10' title='bbox 588 385 748 440; x_wconf 76' lang='grc' dir='ltr'><strong><em>πατρίς.</em></strong></span> <span class='ocrx_word' id='word_1_11' title='bbox 805 385 973 429; x_wconf 83' lang='lat' dir='ltr'>Aelian.</span> <span class='ocrx_word' id='word_1_12' title='bbox 1000 386 1112 430; x_wconf 82' lang='lat' dir='ltr'>Hist.</span> <span class='ocrx_word' id='word_1_13' title='bbox 1137 386 1278 429; x_wconf 85' lang='lat' dir='ltr'>Anim.</span> <span class='ocrx_word' id='word_1_14' title='bbox 1306 386 1444 430; x_wconf 89' lang='lat' dir='ltr'>XVII.</span> <span class='ocrx_word' id='word_1_15' title='bbox 1470 389 1547 430; x_wconf 84' lang='lat'>35:</span> <span class='ocrx_word' id='word_1_16' title='bbox 1577 387 1695 446; x_wconf 72' lang='grc' dir='ltr'><strong><em>φιλίᾳ</em></strong></span> <span class='ocrx_word' id='word_1_17' title='bbox 1726 389 1800 442; x_wconf 78' lang='grc' dir='ltr'>τῆς</span> 
     </span>
     <span class='ocr_line' id='line_1_4' title="bbox 245 448 1799 512; baseline -0.002 -14"><span class='ocrx_word' id='word_1_18' title='bbox 245 456 446 512; x_wconf 84' lang='grc' dir='ltr'>μητρίδος</span> <span class='ocrx_word' id='word_1_19' title='bbox 468 456 538 496; x_wconf 71' lang='grc' dir='ltr'>ἵνα</span> <span class='ocrx_word' id='word_1_20' title='bbox 565 454 785 510; x_wconf 79' lang='grc' dir='ltr'><strong><em>Κρητικῶς</em></strong></span> <span class='ocrx_word' id='word_1_21' title='bbox 812 450 922 494; x_wconf 68' lang='grc' dir='ltr'><strong>εἴπω.</strong></span> <span class='ocrx_word' id='word_1_22' title='bbox 981 448 1090 497; x_wconf 82' lang='lat' dir='ltr'>Plut.</span> <span class='ocrx_word' id='word_1_23' title='bbox 1116 453 1219 497; x_wconf 87' lang='lat' dir='ltr'>Mor.</span> <span class='ocrx_word' id='word_1_24' title='bbox 1249 467 1290 510; x_wconf 91' lang='lat' dir='ltr'>p.</span> <span class='ocrx_word' id='word_1_25' title='bbox 1322 455 1413 495; x_wconf 85' lang='lat'>792.</span> <span class='ocrx_word' id='word_1_26' title='bbox 1437 454 1495 497; x_wconf 84' lang='lat' dir='ltr'>E:</span> <span class='ocrx_word' id='word_1_27' title='bbox 1524 452 1551 509; x_wconf 80' lang='grc' dir='ltr'><em>ἦ</em></span> <span class='ocrx_word' id='word_1_28' title='bbox 1581 454 1626 496; x_wconf 76' lang='grc' dir='ltr'>δέ</span> <span class='ocrx_word' id='word_1_29' title='bbox 1652 454 1799 509; x_wconf 81' lang='grc' dir='ltr'><strong><em>πατρὶς</em></strong></span> 
     </span>
     <span class='ocr_line' id='line_1_5' title="bbox 245 521 1692 578; baseline 0.001 -14"><span class='ocrx_word' id='word_1_30' title='bbox 245 525 310 565; x_wconf 83' lang='grc' dir='ltr'>καὶ</span> <span class='ocrx_word' id='word_1_31' title='bbox 341 523 509 578; x_wconf 75' lang='grc' dir='ltr'>μητρίς,</span> <span class='ocrx_word' id='word_1_32' title='bbox 540 522 598 571; x_wconf 65' lang='grc' dir='ltr'>ὥς</span> <span class='ocrx_word' id='word_1_33' title='bbox 627 521 665 562; x_wconf 77' lang='grc' dir='ltr'>οἱ</span> <span class='ocrx_word' id='word_1_34' title='bbox 695 522 860 574; x_wconf 83' lang='grc' dir='ltr'><strong><em>Κρῆτες</em></strong></span> <span class='ocrx_word' id='word_1_35' title='bbox 885 523 1089 561; x_wconf 79' lang='grc' dir='ltr'><strong><em>καλοῦσιν.</em></strong></span> <span class='ocrx_word' id='word_1_36' title='bbox 1141 521 1249 564; x_wconf 84' lang='lat' dir='ltr'>Plat.</span> <span class='ocrx_word' id='word_1_37' title='bbox 1278 522 1380 577; x_wconf 82' lang='lat' dir='ltr'>Rep.</span> <span class='ocrx_word' id='word_1_38' title='bbox 1411 523 1486 565; x_wconf 94' lang='lat' dir='ltr'>IX.</span> <span class='ocrx_word' id='word_1_39' title='bbox 1517 525 1607 563; x_wconf 87' lang='grc'>575.</span> <span class='ocrx_word' id='word_1_40' title='bbox 1637 523 1692 565; x_wconf 91' lang='lat' dir='ltr'>D.</span> 
     </span>
    </p>

    <p class='ocr_par' dir='ltr' id='par_1_4' title="bbox 245 586 1801 986">
     <span class='ocr_line' id='line_1_6' title="bbox 355 586 1801 645; baseline -0.002 -13"><span class='ocrx_word' id='word_1_41' title='bbox 355 592 524 645; x_wconf 70' lang='grc' dir='ltr'><em>μνωΐα</em></span> <span class='ocrx_word' id='word_1_42' title='bbox 552 594 595 634; x_wconf 85' lang='lat' dir='ltr'>et</span> <span class='ocrx_word' id='word_1_43' title='bbox 621 590 861 643; x_wconf 69' lang='grc' dir='ltr'>μνωΐται.</span> <span class='ocrx_word' id='word_1_44' title='bbox 886 588 1040 633; x_wconf 81' lang='lat' dir='ltr'><strong>Athen.</strong></span> <span class='ocrx_word' id='word_1_45' title='bbox 1065 589 1137 633; x_wconf 84' lang='lat' dir='ltr'>VI.</span> <span class='ocrx_word' id='word_1_46' title='bbox 1166 590 1244 631; x_wconf 84' lang='lat'>263</span> <span class='ocrx_word' id='word_1_47' title='bbox 1271 588 1299 632; x_wconf 87' lang='lat' dir='ltr'>f.</span> <span class='ocrx_word' id='word_1_48' title='bbox 1344 586 1611 644; x_wconf 78' lang='grc' dir='ltr'><strong><em>Σωσικράτης</em></strong></span> <span class='ocrx_word' id='word_1_49' title='bbox 1639 588 1681 630; x_wconf 79' lang='grc' dir='ltr'>ἔν</span> <span class='ocrx_word' id='word_1_50' title='bbox 1708 589 1801 630; x_wconf 83' lang='grc' dir='ltr'>δευ-</span> 
     </span>
     <span class='ocr_line' id='line_1_7' title="bbox 246 655 1799 717; baseline -0.003 -15"><span class='ocrx_word' id='word_1_51' title='bbox 246 659 352 717; x_wconf 77' lang='grc' dir='ltr'><strong><em>τέρῳ</em></strong></span> <span class='ocrx_word' id='word_1_52' title='bbox 374 660 615 713; x_wconf 82' lang='grc' dir='ltr'><em>Κρητικῶν·</em></span> <span class='ocrx_word' id='word_1_53' title='bbox 643 658 720 712; x_wconf 88' lang='grc' dir='ltr'>τὴν</span> <span class='ocrx_word' id='word_1_54' title='bbox 745 657 821 709; x_wconf 77' lang='grc' dir='ltr'>μὲν</span> <span class='ocrx_word' id='word_1_55' title='bbox 846 661 992 711; x_wconf 79' lang='grc' dir='ltr'><strong><em>κοινήν,</em></strong></span> <span class='ocrx_word' id='word_1_56' title='bbox 1025 657 1138 712; x_wconf 81' lang='grc' dir='ltr'><strong><em>φησί,</em></strong></span> <span class='ocrx_word' id='word_1_57' title='bbox 1169 657 1354 698; x_wconf 81' lang='grc' dir='ltr'><strong><em>δουλείαν</em></strong></span> <span class='ocrx_word' id='word_1_58' title='bbox 1382 655 1420 698; x_wconf 81' lang='grc' dir='ltr'>οἶ</span> <span class='ocrx_word' id='word_1_59' title='bbox 1438 658 1603 712; x_wconf 84' lang='grc' dir='ltr'><strong><em>Κρῆτες</em></strong></span> <span class='ocrx_word' id='word_1_60' title='bbox 1629 659 1799 699; x_wconf 81' lang='grc' dir='ltr'><strong><em>καλοῦσι</em></strong></span> 
     </span>
     <span class='ocr_line' id='line_1_8' title="bbox 245 723 1800 783; baseline -0.001 -14"><span class='ocrx_word' id='word_1_61' title='bbox 245 728 393 781; x_wconf 82' lang='grc' dir='ltr'><em>μνοίαν</em></span> <span class='ocrx_word' id='word_1_62' title='bbox 419 731 462 771; x_wconf 83' lang='lat' dir='ltr'>et</span> <span class='ocrx_word' id='word_1_63' title='bbox 476 727 546 770; x_wconf 88' lang='lat' dir='ltr'>VI.</span> <span class='ocrx_word' id='word_1_64' title='bbox 564 728 659 769; x_wconf 86' lang='lat'><strong>267.</strong></span> <span class='ocrx_word' id='word_1_65' title='bbox 686 739 729 769; x_wconf 74' lang='grc' dir='ltr'>οε</span> <span class='ocrx_word' id='word_1_66' title='bbox 756 724 972 778; x_wconf 80' lang='grc' dir='ltr'><em>Ἑρμῶναξ</em></span> <span class='ocrx_word' id='word_1_67' title='bbox 1000 725 1044 766; x_wconf 76' lang='grc' dir='ltr'>δὲ</span> <span class='ocrx_word' id='word_1_68' title='bbox 1072 725 1114 766; x_wconf 75' lang='grc' dir='ltr'>ἒν</span> <span class='ocrx_word' id='word_1_69' title='bbox 1142 727 1367 780; x_wconf 82' lang='grc' dir='ltr'><strong><em>Κρητικαῖς</em></strong></span> <span class='ocrx_word' id='word_1_70' title='bbox 1393 723 1600 781; x_wconf 81' lang='grc' dir='ltr'><strong><em>γλώσσαις</em></strong></span> <span class='ocrx_word' id='word_1_71' title='bbox 1630 723 1800 783; x_wconf 71' lang='grc' dir='ltr'><strong><em>μνῴτας</em></strong></span> 
     </span>
     <span class='ocr_line' id='line_1_9' title="bbox 246 792 1798 850; baseline -0.002 -13"><span class='ocrx_word' id='word_1_72' title='bbox 246 796 346 844; x_wconf 71' lang='grc' dir='ltr'><strong><em>τοὺς</em></strong></span> <span class='ocrx_word' id='word_1_73' title='bbox 372 793 537 850; x_wconf 74' lang='grc' dir='ltr'>εὐγενεῖς</span> <span class='ocrx_word' id='word_1_74' title='bbox 566 792 721 841; x_wconf 71' lang='grc' dir='ltr'><strong><em>οἰκέτας</em></strong></span> <span class='ocrx_word' id='word_1_75' title='bbox 748 792 885 848; x_wconf 84' lang='grc' dir='ltr'>φησίν.</span> <span class='ocrx_word' id='word_1_76' title='bbox 937 794 1042 837; x_wconf 92' lang='lat' dir='ltr'>Poll.</span> <span class='ocrx_word' id='word_1_77' title='bbox 1061 794 1210 838; x_wconf 90' lang='lat' dir='ltr'>Onom.</span> <span class='ocrx_word' id='word_1_78' title='bbox 1238 794 1308 837; x_wconf 88' lang='grc' dir='ltr'><strong>ΙΙΙ.</strong></span> <span class='ocrx_word' id='word_1_79' title='bbox 1335 794 1399 836; x_wconf 87' lang='grc'>83.</span> <span class='ocrx_word' id='word_1_80' title='bbox 1427 807 1466 836; x_wconf 89' lang='lat' dir='ltr'>v.</span> <span class='ocrx_word' id='word_1_81' title='bbox 1496 794 1552 849; x_wconf 87' lang='lat' dir='ltr'>gl.</span> <span class='ocrx_word' id='word_1_82' title='bbox 1579 795 1798 848; x_wconf 87' lang='grc' dir='ltr'><strong><em>κλαρῶται.</em></strong></span> 
     </span>
     <span class='ocr_line' id='line_1_10' title="bbox 246 859 1799 919; baseline -0.003 -12"><span class='ocrx_word' id='word_1_83' title='bbox 246 864 297 907; x_wconf 81' lang='lat' dir='ltr'>cf.</span> <span class='ocrx_word' id='word_1_84' title='bbox 331 864 535 919; x_wconf 76' lang='lat' dir='ltr'>Hesych.:</span> <span class='ocrx_word' id='word_1_85' title='bbox 573 859 714 918; x_wconf 69' lang='grc' dir='ltr'><em>μνῷα·</em></span> <span class='ocrx_word' id='word_1_86' title='bbox 750 861 924 902; x_wconf 77' lang='grc' dir='ltr'>δουλεία.</span> <span class='ocrx_word' id='word_1_87' title='bbox 970 864 1151 919; x_wconf 79' lang='grc' dir='ltr'><strong><em>μνῷται·</em></strong></span> <span class='ocrx_word' id='word_1_88' title='bbox 1187 862 1340 902; x_wconf 78' lang='grc' dir='ltr'><strong><em>δοῦλοι.</em></strong></span> <span class='ocrx_word' id='word_1_89' title='bbox 1374 862 1509 914; x_wconf 72' lang='grc' dir='ltr'><em>μνωΐα</em></span> <span class='ocrx_word' id='word_1_90' title='bbox 1547 865 1591 905; x_wconf 79' lang='lat' dir='ltr'>et</span> <span class='ocrx_word' id='word_1_91' title='bbox 1622 862 1799 914; x_wconf 82' lang='grc' dir='ltr'><strong><em>μνω”ί·ται</em></strong></span> 
     </span>
     <span class='ocr_line' id='line_1_11' title="bbox 245 929 967 986; baseline -0.004 -12"><span class='ocrx_word' id='word_1_92' title='bbox 245 930 406 974; x_wconf 77' lang='lat' dir='ltr'>formae</span> <span class='ocrx_word' id='word_1_93' title='bbox 434 930 605 986; x_wconf 85' lang='lat' dir='ltr'>proprie</span> <span class='ocrx_word' id='word_1_94' title='bbox 636 929 830 973; x_wconf 77' lang='lat' dir='ltr'>Creticae</span> <span class='ocrx_word' id='word_1_95' title='bbox 858 933 967 972; x_wconf 87' lang='lat' dir='ltr'>sunt.</span> 
     </span>
    </p>
   </div>
   <div class='ocr_carea' id='block_1_3' title="bbox 246 1038 1800 1635">
    <p class='ocr_par' dir='ltr' id='par_1_5' title="bbox 1003 1038 1056 1076">
     <span class='ocr_line' id='line_1_12' title="bbox 1003 1038 1056 1076; baseline 0 0"><span class='ocrx_word' id='word_1_96' title='bbox 1003 1038 1056 1076; x_wconf 91' lang='lat' dir='ltr'>N.</span> 
     </span>
    </p>

    <p class='ocr_par' dir='ltr' id='par_1_6' title="bbox 246 1103 1800 1364">
     <span class='ocr_line' id='line_1_13' title="bbox 359 1103 1799 1159; baseline -0.001 -12"><span class='ocrx_word' id='word_1_97' title='bbox 359 1108 407 1147; x_wconf 93' lang='lat' dir='ltr'><strong><em>N</em></strong></span> <span class='ocrx_word' id='word_1_98' title='bbox 410 1121 427 1147; x_wconf 82' lang='grc' dir='ltr'><em>ε</em></span> <span class='ocrx_word' id='word_1_99' title='bbox 439 1104 647 1159; x_wconf 73' lang='grc' dir='ltr'>ομηνίαε</span> <span class='ocrx_word' id='word_1_100' title='bbox 676 1103 808 1146; x_wconf 85' lang='lat' dir='ltr'>Prool.</span> <span class='ocrx_word' id='word_1_101' title='bbox 838 1103 882 1145; x_wconf 91' lang='lat' dir='ltr'>in</span> <span class='ocrx_word' id='word_1_102' title='bbox 902 1103 1060 1159; x_wconf 87' lang='lat' dir='ltr'>Cratyl.</span> <span class='ocrx_word' id='word_1_103' title='bbox 1091 1104 1136 1146; x_wconf 91' lang='lat' dir='ltr'>in</span> <span class='ocrx_word' id='word_1_104' title='bbox 1156 1103 1340 1148; x_wconf 88' lang='lat' dir='ltr'>Bekker.</span> <span class='ocrx_word' id='word_1_105' title='bbox 1357 1104 1518 1147; x_wconf 85' lang='lat' dir='ltr'>Aneed.</span> <span class='ocrx_word' id='word_1_106' title='bbox 1546 1117 1586 1159; x_wconf 94' lang='lat' dir='ltr'>p.</span> <span class='ocrx_word' id='word_1_107' title='bbox 1611 1105 1726 1158; x_wconf 84' lang='lat'>1164,</span> <span class='ocrx_word' id='word_1_108' title='bbox 1755 1107 1799 1146; x_wconf 91' lang='lat'>1:</span> 
     </span>
     <span class='ocr_line' id='line_1_14' title="bbox 247 1169 1800 1229; baseline -0.003 -13"><span class='ocrx_word' id='word_1_109' title='bbox 247 1173 470 1229; x_wconf 78' lang='grc' dir='ltr'><em>νουμηνίαν</em></span> <span class='ocrx_word' id='word_1_110' title='bbox 505 1171 580 1226; x_wconf 72' lang='grc' dir='ltr'>μὲν</span> <span class='ocrx_word' id='word_1_111' title='bbox 610 1169 810 1225; x_wconf 83' lang='grc' dir='ltr'><strong><em>Ἀττικοί,</em></strong></span> <span class='ocrx_word' id='word_1_112' title='bbox 848 1170 1061 1224; x_wconf 87' lang='grc' dir='ltr'><em>νεομηνιάν</em></span> <span class='ocrx_word' id='word_1_113' title='bbox 1097 1170 1141 1212; x_wconf 78' lang='grc' dir='ltr'>δὲ</span> <span class='ocrx_word' id='word_1_114' title='bbox 1176 1172 1351 1226; x_wconf 82' lang='grc' dir='ltr'>Κρῆτες.</span> <span class='ocrx_word' id='word_1_115' title='bbox 1400 1171 1681 1226; x_wconf 71' lang='lat' dir='ltr'>,Quamquam</span> <span class='ocrx_word' id='word_1_116' title='bbox 1718 1186 1800 1213; x_wconf 82' lang='grc' dir='ltr'><em>νευ-</em></span> 
     </span>
     <span class='ocr_line' id='line_1_15' title="bbox 246 1239 1800 1300; baseline -0.001 -17"><span class='ocrx_word' id='word_1_117' title='bbox 246 1243 373 1300; x_wconf 73' lang='grc' dir='ltr'><em>μηνίᾳ</em></span> <span class='ocrx_word' id='word_1_118' title='bbox 404 1242 561 1297; x_wconf 84' lang='lat' dir='ltr'>legitur</span> <span class='ocrx_word' id='word_1_119' title='bbox 589 1241 632 1283; x_wconf 92' lang='lat' dir='ltr'>in</span> <span class='ocrx_word' id='word_1_120' title='bbox 663 1241 726 1282; x_wconf 92' lang='lat' dir='ltr'>tit.</span> <span class='ocrx_word' id='word_1_121' title='bbox 744 1239 982 1282; x_wconf 85' lang='lat' dir='ltr'>Teio-Cret.</span> <span class='ocrx_word' id='word_1_122' title='bbox 1013 1240 1059 1283; x_wconf 90' lang='lat' dir='ltr'>C.</span> <span class='ocrx_word' id='word_1_123' title='bbox 1076 1241 1109 1282; x_wconf 93' lang='lat' dir='ltr'>I.</span> <span class='ocrx_word' id='word_1_124' title='bbox 1138 1242 1259 1294; x_wconf 86' lang='lat'>3052,</span> <span class='ocrx_word' id='word_1_125' title='bbox 1287 1242 1323 1281; x_wconf 89' lang='lat'>2.</span> <span class='ocrx_word' id='word_1_126' title='bbox 1380 1240 1448 1282; x_wconf 90' lang='lat' dir='ltr'>De</span> <span class='ocrx_word' id='word_1_127' title='bbox 1475 1239 1612 1282; x_wconf 85' lang='lat' dir='ltr'>forma</span> <span class='ocrx_word' id='word_1_128' title='bbox 1631 1239 1800 1283; x_wconf 80' lang='lat' dir='ltr'>Cretica</span> 
     </span>
     <span class='ocr_line' id='line_1_16' title="bbox 247 1307 1152 1364; baseline -0.003 -13"><span class='ocrx_word' id='word_1_129' title='bbox 247 1310 437 1364; x_wconf 83' lang='grc' dir='ltr'><em>νεομηνία</em></span> <span class='ocrx_word' id='word_1_130' title='bbox 466 1309 663 1352; x_wconf 87' lang='lat' dir='ltr'>dubitare</span> <span class='ocrx_word' id='word_1_131' title='bbox 692 1320 777 1349; x_wconf 92' lang='lat' dir='ltr'>non</span> <span class='ocrx_word' id='word_1_132' title='bbox 805 1307 917 1349; x_wconf 85' lang='lat' dir='ltr'>lieet.</span> <span class='ocrx_word' id='word_1_133' title='bbox 945 1321 985 1349; x_wconf 87' lang='lat' dir='ltr'>v.</span> <span class='ocrx_word' id='word_1_134' title='bbox 1014 1321 1055 1363; x_wconf 91' lang='lat' dir='ltr'>p.</span> <span class='ocrx_word' id='word_1_135' title='bbox 1089 1310 1152 1348; x_wconf 79' lang='lat'>14.</span> 
     </span>
    </p>

    <p class='ocr_par' dir='ltr' id='par_1_7' title="bbox 246 1373 1800 1635">
     <span class='ocr_line' id='line_1_17' title="bbox 357 1373 1800 1431; baseline 0 -14"><span class='ocrx_word' id='word_1_136' title='bbox 357 1374 576 1417; x_wconf 79' lang='grc' dir='ltr'>νικύλεα.</span> <span class='ocrx_word' id='word_1_137' title='bbox 629 1375 783 1418; x_wconf 86' lang='lat' dir='ltr'>Athen.</span> <span class='ocrx_word' id='word_1_138' title='bbox 802 1375 879 1417; x_wconf 89' lang='lat' dir='ltr'>III.</span> <span class='ocrx_word' id='word_1_139' title='bbox 901 1376 965 1417; x_wconf 88' lang='grc'>76.</span> <span class='ocrx_word' id='word_1_140' title='bbox 996 1389 1031 1419; x_wconf 90' lang='lat' dir='ltr'>e.</span> <span class='ocrx_word' id='word_1_141' title='bbox 1075 1374 1290 1429; x_wconf 79' lang='grc' dir='ltr'><em>Ἑρμῶναξ</em></span> <span class='ocrx_word' id='word_1_142' title='bbox 1318 1377 1344 1416; x_wconf 92' lang='grc' dir='ltr'><strong><em>δ</em></strong></span> <span class='ocrx_word' id='word_1_143' title='bbox 1352 1373 1363 1389; x_wconf 83' lang='lat'>²</span> <span class='ocrx_word' id='word_1_144' title='bbox 1388 1375 1429 1416; x_wconf 72' lang='grc' dir='ltr'>ἐν</span> <span class='ocrx_word' id='word_1_145' title='bbox 1455 1373 1663 1431; x_wconf 74' lang='grc' dir='ltr'><strong><em>γλώσσαις</em></strong></span> <span class='ocrx_word' id='word_1_146' title='bbox 1680 1376 1800 1430; x_wconf 88' lang='grc' dir='ltr'><em>Κρη-</em></span> 
     </span>
     <span class='ocr_line' id='line_1_18' title="bbox 246 1440 1799 1497; baseline -0.001 -11"><span class='ocrx_word' id='word_1_147' title='bbox 246 1450 374 1493; x_wconf 81' lang='grc' dir='ltr'><strong><em>τικαῖς</em></strong></span> <span class='ocrx_word' id='word_1_148' title='bbox 413 1442 550 1485; x_wconf 82' lang='grc' dir='ltr'><strong><em>σύκων</em></strong></span> <span class='ocrx_word' id='word_1_149' title='bbox 583 1442 676 1497; x_wconf 74' lang='grc' dir='ltr'><em>γένη</em></span> <span class='ocrx_word' id='word_1_150' title='bbox 716 1440 942 1497; x_wconf 77' lang='grc' dir='ltr'><em>ἀναγράφει</em></span> <span class='ocrx_word' id='word_1_151' title='bbox 977 1441 1137 1495; x_wconf 77' lang='grc' dir='ltr'><em>ἁμάδεα</em></span> <span class='ocrx_word' id='word_1_152' title='bbox 1168 1444 1233 1483; x_wconf 82' lang='grc' dir='ltr'>καὶ</span> <span class='ocrx_word' id='word_1_153' title='bbox 1268 1441 1436 1484; x_wconf 78' lang='grc' dir='ltr'>νικύλεα.</span> <span class='ocrx_word' id='word_1_154' title='bbox 1504 1443 1799 1487; x_wconf 78' lang='lat' dir='ltr'>Voretzsehius</span> 
     </span>
     <span class='ocr_line' id='line_1_19' title="bbox 246 1509 1799 1567; baseline 0 -14"><span class='ocrx_word' id='word_1_155' title='bbox 246 1510 454 1567; x_wconf 79' lang='grc' dir='ltr'>νη-κύλεα</span> <span class='ocrx_word' id='word_1_156' title='bbox 493 1511 692 1566; x_wconf 86' lang='lat' dir='ltr'>proponit</span> <span class='ocrx_word' id='word_1_157' title='bbox 727 1523 778 1553; x_wconf 84' lang='lat' dir='ltr'>ex</span> <span class='ocrx_word' id='word_1_158' title='bbox 817 1526 866 1563; x_wconf 86' lang='grc' dir='ltr'>νη</span> <span class='ocrx_word' id='word_1_159' title='bbox 894 1514 937 1552; x_wconf 88' lang='lat' dir='ltr'>et</span> <span class='ocrx_word' id='word_1_160' title='bbox 962 1509 1111 1563; x_wconf 83' lang='grc' dir='ltr'><strong><em>χυλός,</em></strong></span> <span class='ocrx_word' id='word_1_161' title='bbox 1149 1515 1196 1554; x_wconf 91' lang='lat' dir='ltr'>ut</span> <span class='ocrx_word' id='word_1_162' title='bbox 1224 1509 1389 1564; x_wconf 76' lang='grc' dir='ltr'><strong><em>ἰσχάδες</em></strong></span> <span class='ocrx_word' id='word_1_163' title='bbox 1418 1511 1596 1555; x_wconf 74' lang='lat' dir='ltr'>Carinae</span> <span class='ocrx_word' id='word_1_164' title='bbox 1624 1511 1709 1553; x_wconf 84' lang='lat' dir='ltr'>sint</span> <span class='ocrx_word' id='word_1_165' title='bbox 1737 1511 1799 1553; x_wconf 91' lang='lat' dir='ltr'>in-</span> 
     </span>
     <span class='ocr_line' id='line_1_20' title="bbox 246 1578 890 1635; baseline -0.006 -12"><span class='ocrx_word' id='word_1_166' title='bbox 246 1579 525 1635; x_wconf 85' lang='lat' dir='ltr'>telligendae,</span> <span class='ocrx_word' id='word_1_167' title='bbox 557 1578 634 1621; x_wconf 86' lang='lat' dir='ltr'>sed</span> <span class='ocrx_word' id='word_1_168' title='bbox 660 1578 734 1620; x_wconf 88' lang='lat' dir='ltr'>vix</span> <span class='ocrx_word' id='word_1_169' title='bbox 765 1582 890 1620; x_wconf 84' lang='lat' dir='ltr'>reete.</span> 
     </span>
    </p>
   </div>
   <div class='ocr_carea' id='block_1_4' title="bbox 1010 1677 1046 1710">
    <p class='ocr_par' dir='ltr' id='par_1_8' title="bbox 1010 1677 1046 1710">
     <span class='ocr_line' id='line_1_21' title="bbox 1010 1677 1046 1710; baseline 0 -4"><span class='ocrx_word' id='word_1_170' title='bbox 1010 1677 1046 1710; x_wconf 66' lang='grc' dir='ltr'>’Π</span> 
     </span>
    </p>
   </div>
   <div class='ocr_carea' id='block_1_5' title="bbox 357 1711 1719 1806">
    <p class='ocr_par' dir='ltr' id='par_1_9' title="bbox 357 1711 1719 1806">
     <span class='ocr_line' id='line_1_22' title="bbox 1002 1711 1049 1723; baseline -0.043 0"><span class='ocrx_word' id='word_1_171' title='bbox 1002 1711 1049 1723; x_wconf 84' lang='grc'><strong>.-..</strong></span> 
     </span>
     <span class='ocr_line' id='line_1_23' title="bbox 357 1746 1719 1806; baseline 0 -16"><span class='ocrx_word' id='word_1_172' title='bbox 357 1749 604 1806; x_wconf 83' lang='grc' dir='ltr'><em>Ξεναγιά·</em></span> <span class='ocrx_word' id='word_1_173' title='bbox 640 1746 855 1802; x_wconf 77' lang='grc' dir='ltr'>σύνταγμα</span> <span class='ocrx_word' id='word_1_174' title='bbox 882 1748 994 1802; x_wconf 72' lang='grc' dir='ltr'><em>παρὰ</em></span> <span class='ocrx_word' id='word_1_175' title='bbox 1026 1748 1198 1802; x_wconf 81' lang='grc' dir='ltr'>Κρησίν.</span> <span class='ocrx_word' id='word_1_176' title='bbox 1224 1749 1288 1789; x_wconf 80' lang='grc' dir='ltr'>καὶ</span> <span class='ocrx_word' id='word_1_177' title='bbox 1316 1747 1340 1789; x_wconf 81' lang='grc' dir='ltr'><em>ὅ</em></span> <span class='ocrx_word' id='word_1_178' title='bbox 1370 1747 1531 1803; x_wconf 74' lang='grc' dir='ltr'><em>ἡγεμών</em></span> <span class='ocrx_word' id='word_1_179' title='bbox 1557 1747 1719 1790; x_wconf 84' lang='grc' dir='ltr'><strong><em>τούτων</em></strong></span> 
     </span>
    </p>
   </div>
   <div class='ocr_carea' id='block_1_6' title="bbox 356 1815 1799 1873">
    <p class='ocr_par' dir='ltr' id='par_1_10' title="bbox 356 1815 1799 1873">
     <span class='ocr_line' id='line_1_24' title="bbox 356 1815 1799 1873; baseline 0.001 -15"><span class='ocrx_word' id='word_1_180' title='bbox 356 1815 585 1871; x_wconf 80' lang='grc' dir='ltr'>ξεναγός.</span> <span class='ocrx_word' id='word_1_181' title='bbox 634 1815 817 1859; x_wconf 86' lang='lat' dir='ltr'>Bekker.</span> <span class='ocrx_word' id='word_1_182' title='bbox 845 1816 1006 1859; x_wconf 87' lang='lat' dir='ltr'>Aneod.</span> <span class='ocrx_word' id='word_1_183' title='bbox 1049 1830 1091 1872; x_wconf 90' lang='lat' dir='ltr'>p.</span> <span class='ocrx_word' id='word_1_184' title='bbox 1122 1818 1212 1859; x_wconf 82' lang='lat'>284.</span> <span class='ocrx_word' id='word_1_185' title='bbox 1242 1818 1268 1858; x_wconf 92' lang='lat' dir='ltr'>l.</span> <span class='ocrx_word' id='word_1_186' title='bbox 1308 1820 1366 1859; x_wconf 83' lang='lat'>11.</span> <span class='ocrx_word' id='word_1_187' title='bbox 1414 1832 1454 1860; x_wconf 87' lang='lat' dir='ltr'>v.</span> <span class='ocrx_word' id='word_1_188' title='bbox 1481 1818 1665 1873; x_wconf 86' lang='lat' dir='ltr'>Hesyoh.</span> <span class='ocrx_word' id='word_1_189' title='bbox 1696 1831 1729 1860; x_wconf 87' lang='lat' dir='ltr'>s.</span> <span class='ocrx_word' id='word_1_190' title='bbox 1760 1832 1799 1861; x_wconf 91' lang='lat' dir='ltr'>v.</span> 
     </span>
    </p>
   </div>
   <div class='ocr_carea' id='block_1_7' title="bbox 245 1924 1801 2662">
    <p class='ocr_par' dir='ltr' id='par_1_11' title="bbox 1000 1924 1049 1964">
     <span class='ocr_line' id='line_1_25' title="bbox 1000 1924 1049 1964; baseline -0.02 0"><span class='ocrx_word' id='word_1_191' title='bbox 1000 1924 1049 1964; x_wconf 88' lang='lat'>0.</span> 
     </span>
    </p>

    <p class='ocr_par' dir='ltr' id='par_1_12' title="bbox 246 1989 1800 2184">
     <span class='ocr_line' id='line_1_26' title="bbox 356 1989 1800 2046; baseline 0.001 -12"><span class='ocrx_word' id='word_1_192' title='bbox 356 1990 594 2034; x_wconf 81' lang='grc' dir='ltr'><strong><em>ὅὸολκαί·</em></strong></span> <span class='ocrx_word' id='word_1_193' title='bbox 625 1989 780 2044; x_wconf 79' lang='grc' dir='ltr'>ὀβολοί.</span> <span class='ocrx_word' id='word_1_194' title='bbox 812 1992 986 2046; x_wconf 78' lang='grc' dir='ltr'>Κρῆτες.</span> <span class='ocrx_word' id='word_1_195' title='bbox 1017 1990 1201 2046; x_wconf 85' lang='lat' dir='ltr'>Hesyoh.</span> <span class='ocrx_word' id='word_1_196' title='bbox 1242 1991 1438 2035; x_wconf 83' lang='lat' dir='ltr'>Proxime</span> <span class='ocrx_word' id='word_1_197' title='bbox 1458 1992 1625 2036; x_wconf 83' lang='lat' dir='ltr'>accedit</span> <span class='ocrx_word' id='word_1_198' title='bbox 1639 1990 1800 2042; x_wconf 79' lang='grc' dir='ltr'>ὄδελός·</span> 
     </span>
     <span class='ocr_line' id='line_1_27' title="bbox 248 2058 1799 2116; baseline 0.002 -15"><span class='ocrx_word' id='word_1_199' title='bbox 248 2058 393 2113; x_wconf 80' lang='grc' dir='ltr'>ὄβελός</span> <span class='ocrx_word' id='word_1_200' title='bbox 430 2060 546 2116; x_wconf 87' lang='lat' dir='ltr'>apud</span> <span class='ocrx_word' id='word_1_201' title='bbox 584 2060 835 2114; x_wconf 83' lang='lat' dir='ltr'>Gregorium</span> <span class='ocrx_word' id='word_1_202' title='bbox 863 2060 1074 2114; x_wconf 89' lang='lat' dir='ltr'>Corinth.‚</span> <span class='ocrx_word' id='word_1_203' title='bbox 1110 2059 1225 2114; x_wconf 85' lang='lat' dir='ltr'>quod</span> <span class='ocrx_word' id='word_1_204' title='bbox 1262 2060 1541 2104; x_wconf 89' lang='lat' dir='ltr'>Doriensibus</span> <span class='ocrx_word' id='word_1_205' title='bbox 1578 2061 1799 2105; x_wconf 79' lang='lat' dir='ltr'>addicitur.</span> 
     </span>
     <span class='ocr_line' id='line_1_28' title="bbox 246 2127 552 2184; baseline -0.013 -12"><span class='ocrx_word' id='word_1_206' title='bbox 246 2143 286 2173; x_wconf 86' lang='lat' dir='ltr'>v.</span> <span class='ocrx_word' id='word_1_207' title='bbox 313 2129 368 2184; x_wconf 87' lang='lat' dir='ltr'>gl.</span> <span class='ocrx_word' id='word_1_208' title='bbox 399 2127 552 2177; x_wconf 78' lang='grc' dir='ltr'>δέλτος.</span> 
     </span>
    </p>

    <p class='ocr_par' dir='ltr' id='par_1_13' title="bbox 245 2192 1801 2445">
     <span class='ocr_line' id='line_1_29' title="bbox 355 2192 1801 2251; baseline 0.001 -15"><span class='ocrx_word' id='word_1_209' title='bbox 355 2192 534 2249; x_wconf 71' lang='grc' dir='ltr'>ὅθρυν.</span> <span class='ocrx_word' id='word_1_210' title='bbox 577 2197 742 2250; x_wconf 82' lang='grc' dir='ltr'><strong><em>Κρῆτες</em></strong></span> <span class='ocrx_word' id='word_1_211' title='bbox 770 2197 819 2236; x_wconf 76' lang='grc' dir='ltr'>τό</span> <span class='ocrx_word' id='word_1_212' title='bbox 855 2192 962 2247; x_wconf 73' lang='grc' dir='ltr'><strong><em>ὅρος.</em></strong></span> <span class='ocrx_word' id='word_1_213' title='bbox 1001 2195 1186 2251; x_wconf 85' lang='lat' dir='ltr'>Hesyoh.</span> <span class='ocrx_word' id='word_1_214' title='bbox 1241 2196 1293 2238; x_wconf 77' lang='lat' dir='ltr'>ef.</span> <span class='ocrx_word' id='word_1_215' title='bbox 1331 2196 1389 2251; x_wconf 87' lang='lat' dir='ltr'>gl.</span> <span class='ocrx_word' id='word_1_216' title='bbox 1417 2194 1616 2251; x_wconf 77' lang='grc' dir='ltr'><em>ὄθρυόεν·</em></span> <span class='ocrx_word' id='word_1_217' title='bbox 1653 2194 1801 2250; x_wconf 81' lang='grc' dir='ltr'><strong><em>τραχύ.</em></strong></span> 
     </span>
     <span class='ocr_line' id='line_1_30' title="bbox 245 2260 1801 2321; baseline 0.002 -16"><span class='ocrx_word' id='word_1_218' title='bbox 245 2263 412 2312; x_wconf 61' lang='grc' dir='ltr'>ὑλῶδες.</span> <span class='ocrx_word' id='word_1_219' title='bbox 438 2260 557 2303; x_wconf 82' lang='grc' dir='ltr'><strong><em>δασύ.</em></strong></span> <span class='ocrx_word' id='word_1_220' title='bbox 586 2263 833 2317; x_wconf 82' lang='grc' dir='ltr'>κρημνῶδες.</span> <span class='ocrx_word' id='word_1_221' title='bbox 884 2263 939 2306; x_wconf 91' lang='grc' dir='ltr'>Μ.</span> <span class='ocrx_word' id='word_1_222' title='bbox 961 2263 1222 2307; x_wconf 85' lang='lat' dir='ltr'>Schmidtius</span> <span class='ocrx_word' id='word_1_223' title='bbox 1240 2276 1317 2319; x_wconf 89' lang='lat' dir='ltr'>pro</span> <span class='ocrx_word' id='word_1_224' title='bbox 1344 2260 1481 2319; x_wconf 72' lang='grc' dir='ltr'><strong><em>ὄφρυν</em></strong></span> <span class='ocrx_word' id='word_1_225' title='bbox 1497 2264 1636 2308; x_wconf 82' lang='lat' dir='ltr'>efferri</span> <span class='ocrx_word' id='word_1_226' title='bbox 1653 2265 1801 2321; x_wconf 81' lang='lat' dir='ltr'>credit,</span> 
     </span>
     <span class='ocr_line' id='line_1_31' title="bbox 246 2330 1800 2389; baseline -0.001 -13"><span class='ocrx_word' id='word_1_227' title='bbox 246 2336 294 2376; x_wconf 93' lang='lat' dir='ltr'>ut</span> <span class='ocrx_word' id='word_1_228' title='bbox 323 2332 453 2376; x_wconf 84' lang='lat' dir='ltr'>etiam</span> <span class='ocrx_word' id='word_1_229' title='bbox 481 2331 535 2375; x_wconf 92' lang='lat' dir='ltr'>ob</span> <span class='ocrx_word' id='word_1_230' title='bbox 562 2330 744 2375; x_wconf 85' lang='lat' dir='ltr'>eandem</span> <span class='ocrx_word' id='word_1_231' title='bbox 759 2345 1036 2375; x_wconf 83' lang='lat' dir='ltr'>consonarum</span> <span class='ocrx_word' id='word_1_232' title='bbox 1055 2331 1406 2387; x_wconf 81' lang='lat' dir='ltr'>permutationem</span> <span class='ocrx_word' id='word_1_233' title='bbox 1435 2332 1613 2388; x_wconf 73' lang='grc' dir='ltr'><strong><em>ἐλαθρά·</em></strong></span> <span class='ocrx_word' id='word_1_234' title='bbox 1641 2331 1800 2389; x_wconf 73' lang='grc' dir='ltr'><strong><em>ἐλαφρά</em></strong></span> 
     </span>
     <span class='ocr_line' id='line_1_32' title="bbox 248 2398 751 2445; baseline -0.006 -1"><span class='ocrx_word' id='word_1_235' title='bbox 248 2400 522 2445; x_wconf 81' lang='lat' dir='ltr'>Cretensibus</span> <span class='ocrx_word' id='word_1_236' title='bbox 551 2398 751 2442; x_wconf 82' lang='lat' dir='ltr'>vindicet.</span> 
     </span>
    </p>

    <p class='ocr_par' dir='ltr' id='par_1_14' title="bbox 356 2466 1365 2524">
     <span class='ocr_line' id='line_1_33' title="bbox 356 2466 1365 2524; baseline 0.002 -15"><span class='ocrx_word' id='word_1_237' title='bbox 356 2466 502 2509; x_wconf 75' lang='grc' dir='ltr'><strong><em>οἷ’καδ</em></strong></span> <span class='ocrx_word' id='word_1_238' title='bbox 510 2483 578 2516; x_wconf 88' lang='grc' dir='ltr'>ες·</span> <span class='ocrx_word' id='word_1_239' title='bbox 609 2468 656 2508; x_wconf 84' lang='grc' dir='ltr'>τὸ</span> <span class='ocrx_word' id='word_1_240' title='bbox 689 2466 831 2508; x_wconf 69' lang='grc' dir='ltr'>οἲίιαδε.</span> <span class='ocrx_word' id='word_1_241' title='bbox 864 2468 1075 2523; x_wconf 84' lang='grc' dir='ltr'>(Κρῆτες).</span> <span class='ocrx_word' id='word_1_242' title='bbox 1113 2469 1237 2524; x_wconf 80' lang='lat' dir='ltr'>Greg.</span> <span class='ocrx_word' id='word_1_243' title='bbox 1272 2469 1365 2513; x_wconf 86' lang='lat' dir='ltr'>Cor.</span> 
     </span>
    </p>

    <p class='ocr_par' dir='ltr' id='par_1_15' title="bbox 246 2532 1799 2662">
     <span class='ocr_line' id='line_1_34' title="bbox 356 2532 1799 2591; baseline 0.003 -14"><span class='ocrx_word' id='word_1_244' title='bbox 356 2533 565 2591; x_wconf 76' lang='grc' dir='ltr'><strong><em>ὄρνιχα·</em></strong></span> <span class='ocrx_word' id='word_1_245' title='bbox 604 2536 681 2589; x_wconf 82' lang='grc' dir='ltr'>τὴν</span> <span class='ocrx_word' id='word_1_246' title='bbox 714 2532 880 2588; x_wconf 70' lang='grc' dir='ltr'>ὄρνιθα.</span> <span class='ocrx_word' id='word_1_247' title='bbox 910 2536 1123 2589; x_wconf 82' lang='grc' dir='ltr'>(Κρῆτες).</span> <span class='ocrx_word' id='word_1_248' title='bbox 1154 2537 1339 2580; x_wconf 82' lang='lat' dir='ltr'>Gramm.</span> <span class='ocrx_word' id='word_1_249' title='bbox 1364 2538 1542 2583; x_wconf 16' lang='lat' dir='ltr'>‘Meerm.</span> <span class='ocrx_word' id='word_1_250' title='bbox 1598 2538 1685 2582; x_wconf 80' lang='lat' dir='ltr'>Sed</span> <span class='ocrx_word' id='word_1_251' title='bbox 1710 2540 1799 2582; x_wconf 82' lang='lat' dir='ltr'>vul-</span> 
     </span>
     <span class='ocr_line' id='line_1_35' title="bbox 246 2605 824 2662; baseline -0.005 -13"><span class='ocrx_word' id='word_1_252' title='bbox 246 2606 365 2662; x_wconf 86' lang='lat' dir='ltr'>garis</span> <span class='ocrx_word' id='word_1_253' title='bbox 396 2605 531 2649; x_wconf 87' lang='lat' dir='ltr'>forma</span> <span class='ocrx_word' id='word_1_254' title='bbox 560 2605 719 2648; x_wconf 80' lang='lat' dir='ltr'>Dorica</span> <span class='ocrx_word' id='word_1_255' title='bbox 749 2608 824 2648; x_wconf 88' lang='lat' dir='ltr'>est.</span> 
     </span>
    </p>
   </div>
   <div class='ocr_carea' id='block_1_8' title="bbox 356 2698 1731 2823">
    <p class='ocr_par' dir='ltr' id='par_1_16' title="bbox 356 2698 1731 2823">
     <span class='ocr_line' id='line_1_36' title="bbox 999 2698 1057 2738; baseline -0.017 0"><span class='ocrx_word' id='word_1_256' title='bbox 999 2698 1057 2738; x_wconf 86' lang='lat' dir='ltr'>H.</span> 
     </span>
     <span class='ocr_line' id='line_1_37' title="bbox 356 2764 1731 2823; baseline -0.002 -13"><span class='ocrx_word' id='word_1_257' title='bbox 356 2766 652 2822; x_wconf 81' lang='grc' dir='ltr'><strong><em>Πάριπποι.</em></strong></span> <span class='ocrx_word' id='word_1_258' title='bbox 708 2767 813 2810; x_wconf 88' lang='grc' dir='ltr'><strong>ΡΟΠ.</strong></span> <span class='ocrx_word' id='word_1_259' title='bbox 842 2767 991 2811; x_wconf 87' lang='lat' dir='ltr'>Onom.</span> <span class='ocrx_word' id='word_1_260' title='bbox 1024 2767 1073 2810; x_wconf 88' lang='lat' dir='ltr'>V.</span> <span class='ocrx_word' id='word_1_261' title='bbox 1101 2769 1155 2809; x_wconf 88' lang='grc'>40</span> <span class='ocrx_word' id='word_1_262' title='bbox 1183 2770 1227 2810; x_wconf 76' lang='lat' dir='ltr'>et</span> <span class='ocrx_word' id='word_1_263' title='bbox 1257 2770 1322 2809; x_wconf 89' lang='grc'>41.</span> <span class='ocrx_word' id='word_1_264' title='bbox 1378 2782 1415 2811; x_wconf 88' lang='lat' dir='ltr'>V.</span> <span class='ocrx_word' id='word_1_265' title='bbox 1444 2768 1499 2823; x_wconf 83' lang='lat' dir='ltr'>gl.</span> <span class='ocrx_word' id='word_1_266' title='bbox 1532 2764 1731 2808; x_wconf 83' lang='grc' dir='ltr'><strong><em>διάπονοι.</em></strong></span> 
     </span>
    </p>
   </div>
   <div class='ocr_carea' id='block_1_9' title="bbox 247 2832 1800 2961">
    <p class='ocr_par' dir='ltr' id='par_1_17' title="bbox 247 2832 1800 2961">
     <span class='ocr_line' id='line_1_38' title="bbox 355 2832 1800 2893; baseline 0 -15"><span class='ocrx_word' id='word_1_267' title='bbox 355 2834 574 2878; x_wconf 80' lang='grc' dir='ltr'>πελάται</span> <span class='ocrx_word' id='word_1_268' title='bbox 608 2840 814 2879; x_wconf 86' lang='lat' dir='ltr'>vocantur</span> <span class='ocrx_word' id='word_1_269' title='bbox 850 2832 1056 2890; x_wconf 81' lang='grc' dir='ltr'><strong><em>κλαρώται</em></strong></span> <span class='ocrx_word' id='word_1_270' title='bbox 1095 2836 1359 2880; x_wconf 82' lang='lat' dir='ltr'>Cretensium</span> <span class='ocrx_word' id='word_1_271' title='bbox 1389 2837 1439 2880; x_wconf 73' lang='lat' dir='ltr'>‚in</span> <span class='ocrx_word' id='word_1_272' title='bbox 1475 2834 1670 2893; x_wconf 81' lang='lat' dir='ltr'>corrupto</span> <span class='ocrx_word' id='word_1_273' title='bbox 1707 2835 1800 2879; x_wconf 84' lang='lat' dir='ltr'>loeo</span> 
     </span>
     <span class='ocr_line' id='line_1_39' title="bbox 247 2901 1799 2961; baseline -0.003 -11"><span class='ocrx_word' id='word_1_274' title='bbox 247 2907 314 2950; x_wconf 86' lang='lat' dir='ltr'>Et.</span> <span class='ocrx_word' id='word_1_275' title='bbox 345 2905 456 2951; x_wconf 83' lang='lat' dir='ltr'>Gud.</span> <span class='ocrx_word' id='word_1_276' title='bbox 489 2906 585 2954; x_wconf 85' lang='lat'>165,</span> <span class='ocrx_word' id='word_1_277' title='bbox 611 2906 686 2946; x_wconf 81' lang='lat'>58:</span> <span class='ocrx_word' id='word_1_278' title='bbox 728 2903 919 2955; x_wconf 67' lang='grc' dir='ltr'>Εἵλωτες,</span> <span class='ocrx_word' id='word_1_279' title='bbox 952 2902 989 2944; x_wconf 77' lang='grc' dir='ltr'>οἱ</span> <span class='ocrx_word' id='word_1_280' title='bbox 1005 2901 1331 2957; x_wconf 84' lang='grc' dir='ltr'><strong><em>Λακεδαιμόνιοι</em></strong></span> <span class='ocrx_word' id='word_1_281' title='bbox 1358 2905 1422 2946; x_wconf 80' lang='grc' dir='ltr'>καὶ</span> <span class='ocrx_word' id='word_1_282' title='bbox 1451 2903 1489 2945; x_wconf 75' lang='grc' dir='ltr'>οἱ</span> <span class='ocrx_word' id='word_1_283' title='bbox 1518 2904 1659 2947; x_wconf 83' lang='grc' dir='ltr'><strong><em>δοῦλοι</em></strong></span> <span class='ocrx_word' id='word_1_284' title='bbox 1685 2906 1799 2961; x_wconf 76' lang='grc' dir='ltr'><em>παρὰ</em></span> 
     </span>
    </p>
   </div>
  </div>
 </body>
</html>
