1964 3184
855 201 1119 240 „12-

213 322 289 364 pro
321 326 342 361 η
376 313 419 352 et
447 325 479 349 ω
518 323 593 364 pro
624 325 672 349 ov
711 307 901 363 vulgaris
932 307 1104 361 linguae
1142 308 1418 362 usurpantur,
1454 305 1524 349 ubi
1560 318 1613 348 ex
1640 320 1657 345 ε
1693 304 1761 348 vel

212 389 266 420 ex
296 392 317 417 ο
348 380 420 419 aut
447 375 708 431 suppletoria
745 378 819 418 aut
844 374 953 417 alius
990 373 1160 428 generis
1186 373 1483 429 productione,
1519 372 1761 416 necessaria

212 448 354 486 tamen
369 476 379 496 ,
424 447 526 485 nata
567 446 682 495 sunt,
723 445 769 483 ut
810 441 855 483 in
897 441 1148 484 accusativo·
1183 440 1359 496 pluralis
1400 441 1445 482 in
1483 455 1539 487 ως
1583 453 1658 495 pro
1695 454 1762 487 ονς

212 513 391 552 exeunte
420 513 461 551 et
497 509 541 550 in
581 507 819 563 participiis
856 507 971 551 velut
1007 505 1344 562 προϋπαρχιόσας
1381 507 1426 550 C.
1455 507 1488 550 Ι.
1518 508 1636 548 2554.
1670 507 1763 560 219,

212 577 256 618 in
276 576 421 619 dativo
440 576 594 631 plurali
623 571 753 628 ἄγωσι
773 589 849 631 pro
880 570 1037 629 ἄγουσι,
1070 575 1115 617 in
1143 566 1200 615 ὧν
1222 578 1264 617 et
1288 570 1503 625 βωλόμαις
1532 574 1575 616 in
1594 573 1763 617 aoristis

210 643 433 685 verborum
452 641 725 697 liquidorum:
755 642 861 697 νήμῃ
888 642 933 685 C.
950 642 982 684 I.
1003 643 1122 684 2556.
1139 642 1190 681 27
1209 638 1533 694 ἀποστηλάντων
1549 640 1634 682 Mn.
1650 641 1761 682 111.2

211 711 356 763 πῆριξ·
385 708 538 764 πέρδιξ.
570 710 735 763 Κρῆτες
762 708 943 765 Hesych.
985 708 1071 752 Sed
1089 708 1240 752 iterum
1254 708 1488 763 iterumque
1507 706 1761 751 monendum

210 781 275 820 est
303 777 373 819 vel
401 778 447 818 in
473 778 705 820 earundem
742 777 811 819 vel
840 778 885 818 in
911 777 1090 818 aliarum
1125 777 1290 819 urbium
1326 775 1460 817 titulis
1497 776 1654 817 formas
1683 775 1761 816 lin-

208 857 319 898 guae
347 844 515 899 vulgari
544 849 586 888 et
616 844 773 888 mitiori
806 843 958 887 Doridi
986 844 1134 887 solitas
1162 843 1366 887 exhiberi.

379 1073 420 1130 ἓ.
461 1072 504 1116 3.
554 1070 620 1116 De
653 1068 850 1116 Creticae
886 1068 1064 1116 dialecti
1099 1082 1197 1115 cum
1231 1066 1332 1115 aliis
1367 1067 1593 1115 mixtione.

319 1172 410 1213 Iam
454 1183 553 1213 vero
597 1170 797 1224 quoniam
838 1173 1003 1213 constat
1048 1169 1281 1223 antiquitus
1323 1168 1571 1222 severioris,
1611 1169 1647 1210 si
1682 1169 1762 1211 hoc

209 1238 419 1280 vocabulo
461 1238 591 1280 etiam
633 1237 694 1279 uti
738 1236 857 1289 licet,
917 1235 1090 1278 Doridis
1133 1236 1362 1290 genuinam
1405 1248 1543 1290 paene
1585 1235 1762 1278 formam

209 1306 420 1350 Creticam
456 1305 685 1348 dialectum
723 1304 991 1360 praebuisse,
1039 1317 1092 1347 ea
1126 1304 1249 1348 nobis
1288 1302 1590 1358 investiganda
1627 1307 1758 1353 erunt,

208 1387 317 1427 quae
346 1378 495 1428 postea
523 1373 622 1416 huic
649 1373 823 1415 innatae
851 1372 1024 1427 linguae
1052 1372 1210 1428 speciei
1239 1371 1431 1414 admixta
1461 1372 1557 1414 sint.
1624 1372 1679 1415 Et
1706 1372 1761 1416 de

206 1441 411 1484 mixtione
439 1440 610 1496 quidem
632 1440 825 1484 Creticae
858 1440 1030 1483 dialecti
1060 1453 1154 1483 cum
1182 1439 1372 1495 vulgaris
1390 1440 1595 1483 sermonis
1615 1440 1760 1483 formis

207 1509 294 1549 iam
342 1522 470 1563 supra
514 1510 620 1550 satis
657 1508 817 1551 dictum
860 1512 924 1550 est
959 1508 1144 1561 itemque
1179 1507 1233 1548 de
1267 1520 1318 1549 eo
1353 1507 1466 1561 quod
1503 1508 1603 1550 inde
1640 1509 1759 1562 sequi

208 1574 405 1618 videatur
433 1575 489 1618 ad
520 1575 835 1618 distinctionem
867 1576 975 1618 inter
1000 1575 1254 1619 severiore-m
1273 1578 1315 1617 et
1332 1574 1541 1618 mitiorem
1558 1575 1761 1619 Doridem

207 1647 321 1685 recte
352 1643 654 1685 adhibendam.
710 1642 810 1684 Alia
837 1647 978 1685 autem
1004 1644 1212 1698 permulta
1241 1647 1359 1696 sunt,
1397 1656 1506 1697 quae
1541 1657 1634 1686 cum
1664 1644 1760 1687 Cre-

205 1709 390 1752 tensium
429 1709 613 1753 dialecto
652 1722 747 1751 cum
785 1709 883 1752 aliis
923 1710 1100 1752 aliarum
1130 1709 1386 1753 Graecarum
1426 1710 1615 1765 gentium
1650 1723 1757 1754 com—

206 1778 352 1819 munia
380 1777 548 1830 fuerint,
577 1781 718 1820 tamen
746 1777 802 1819 ab
831 1777 897 1820 his
926 1778 998 1819 vix
1031 1778 1074 1818 in
1105 1777 1273 1820 Cretam
1301 1778 1624 1833 transmigrasse
1651 1778 1758 1821 iudi-

206 1844 346 1886 canda
374 1848 482 1887 sunt.
542 1844 627 1887 lmo
657 1844 719 1887 sic
747 1857 899 1887 censeo
932 1844 1135 1899 pleraque
1165 1857 1307 1887 eorum
1336 1845 1559 1887 seiunctim
1582 1848 1624 1888 et
1646 1845 1760 1900 apud

206 1912 429 1955 Cretenses
475 1916 517 1954 et
559 1911 675 1966 apud
722 1912 852 1953 aliam
895 1912 1110 1965 quandam
1160 1917 1329 1966 gentem
1373 1912 1488 1954 nullo
1532 1925 1608 1954 usu
1651 1913 1761 1955 inter

206 1983 404 2034 utrosque
435 1978 722 2022 intercedente
742 1979 969 2022 exstitisse.
1028 1979 1141 2021 Nam
1159 1992 1296 2034 neque
1314 1992 1413 2022 casu
1434 1979 1603 2022 fortuito
1623 1993 1758 2035 neque

207 2051 321 2090 certo
353 2047 531 2090 consilio
561 2047 733 2102 linguae
762 2047 923 2090 formae
952 2060 975 2090 e
1006 2046 1188 2090 dialecto
1217 2047 1260 2089 in
1290 2047 1519 2090 dialectum
1541 2048 1758 2091 transferri

204 2118 402 2168 possunt,
442 2114 519 2157 sed
557 2127 635 2156 usu
674 2113 1027 2168 frequentissimo.
1116 2114 1242 2156 Velut
1278 2113 1324 2156 id
1361 2114 1475 2168 quod
1508 2115 1595 2156 iam
1632 2127 1759 2170 supra

204 2181 389 2225 diximus
426 2181 728 2237 Gortyniorum
764 2181 981 2237 proprium
1019 2194 1112 2225 esse
1153 2197 1176 2235 ρ
1206 2194 1260 2225 ex
1297 2196 1323 2221 σ
1361 2184 1507 2224 natum
1549 2180 1678 2224 etiain
1714 2182 1759 2225 in

203 2249 431 2304 Laconum,
459 2249 670 2303 Eleorum,
698 2248 1003 2291 Eretriensium
1031 2248 1226 2291 dialectis
1251 2248 1454 2291 usitatum
1476 2252 1577 2291 erat.
1634 2250 1757 2292 Item-

202 2331 284 2371 que
322 2332 348 2358 σ
378 2331 431 2361 ex
465 2319 501 2357 θ
529 2321 688 2372 ortum,
727 2316 841 2372 quod
871 2317 1134 2361 Cretensium
1174 2317 1305 2361 fuisse
1341 2316 1522 2360 traditur
1558 2330 1585 2360 a
1620 2331 1757 2373 gram-

203 2385 384 2439 maticis,
412 2385 596 2428 maxime
610 2385 852 2428 Laconibus
871 2385 915 2427 in
933 2397 1010 2426 usu
1027 2383 1158 2427 fuisse
1175 2388 1340 2428 constat
1358 2385 1551 2443 (Ahrens¹
1569 2384 1610 2429 d.
1634 2386 1674 2428 d.
1700 2387 1755 2429 D.

204 2466 243 2506 p.
275 2454 326 2493 66
356 2454 477 2507 sqq).
549 2453 662 2495 Nam
700 2453 879 2495 Ahrenti
919 2452 1117 2495 assentiri
1148 2466 1231 2495 non
1267 2466 1439 2508 possum
1477 2453 1550 2508 qui
1587 2454 1757 2497 omnino

204 2518 248 2560 in
285 2519 548 2562 Cretensium
583 2520 773 2575 linguam
810 2519 962 2562 cadere
1000 2519 1111 2561 hanc
1146 2520 1421 2562 mutationem
1456 2524 1597 2576 negat.
1667 2522 1756 2564 Imo

203 2585 393 2641 Helbigii
421 2588 676 2631 sententiam
705 2588 840 2644 probo
868 2587 1057 2642 (Quaest.
1088 2587 1127 2630 d.
1155 2587 1256 2631 dial.
1276 2588 1386 2632 Cret.
1415 2602 1456 2645 p.
1481 2590 1528 2630 18
1548 2591 1657 2644 sqq.)
1684 2589 1757 2644 qui

204 2666 344 2695 raram
380 2668 474 2697 eam
514 2656 645 2699 fuisse
684 2660 727 2699 et
763 2656 942 2699 fortasse
981 2668 1210 2711 paucarum
1244 2656 1410 2699 urbium
1436 2656 1590 2700 finibus
1617 2657 1756 2699 termi-

203 2725 351 2765 natam
383 2723 588 2778 concedit,
618 2723 694 2768 sed
724 2737 807 2768 non
838 2723 1022 2768 alienam
1049 2723 1180 2767 fuisse
1209 2737 1236 2767 a
1254 2724 1422 2769 Cretica
1448 2724 1631 2769 dialecto
1660 2737 1755 2768 con-

203 2774 357 2845 tendit,
388 2804 514 2845 quam
543 2793 686 2835 multis
716 2793 842 2836 rebus
869 2793 989 2836 videt
1019 2806 1112 2836 cum
1131 2793 1347 2836 Laconica
1374 2797 1490 2837 arcte
1517 2793 1754 2836 cohaerere.

201 2858 353 2914 Neque
385 2857 551 2914 desunt,
580 2873 689 2915 quae
718 2860 775 2903 ad
805 2861 975 2904 Ionicae
1005 2859 1178 2905 dialecti
1212 2873 1403 2905 normam
1429 2860 1611 2904 formata
1639 2860 1756 2918 apud
