1964 3184
891 172 1130 212 ,29-

223 278 406 322 maxime
433 292 517 334 quo
546 279 708 333 Κρῆτες
735 280 988 321 revocarent.
1043 278 1110 326 Et,
1134 273 1279 329 βαλιός
1312 278 1483 333 quidem
1518 278 1768 321 vocabulum

226 358 320 388 cum
353 359 438 389 non
477 346 724 388 inusitatum
758 345 875 400 apud
911 349 1059 400 poetas
1095 350 1159 388 est
1195 349 1283 387 tum
1318 345 1388 387 hic
1424 345 1540 388 locus
1568 345 1768 388 Hecubae

226 412 447 469 Euripidis
467 413 704 469 explicatur
722 415 776 465 (v.
790 413 884 467 90),
913 413 985 456 ubi
1017 413 1171 469 legitur
1200 409 1305 454 εἶδον
1332 413 1409 467 γὰρ
1437 413 1584 464 βαλιὰν
1615 410 1769 467 ἔλαφον

225 478 347 521 λύκον
373 480 509 533 α’ίμονι
538 482 651 540 χαλᾷ
681 480 955 536 σφαζομέναν.
1009 481 1181 524 Initium
1219 482 1349 537 igitur
1380 482 1548 537 glossae
1585 481 1647 525 sie
1673 494 1768 524 eon-

225 548 481 591 stituendum
500 549 600 592 erit:
627 549 775 600 βαλιὰν
803 546 969 603 ἕλαφον
1000 547 1276 597 κατάστικτον,
1306 550 1497 589 ποικίλον.
1548 549 1770 592 Cretenses

225 629 327 659 num
355 616 435 660 hoe
462 616 668 660 vocabulo
697 629 774 672 pro
799 613 929 668 ταχύς
964 616 1030 658 usi
1059 616 1166 670 sint,
1195 617 1399 660 incertum
1431 620 1505 659 est.
1563 616 1612 659 In
1631 615 1768 671 Etym.

227 683 334 726 Gud.
355 697 395 738 p.
417 685 492 724 103
515 686 670 734 βαλεΐαι
683 698 692 707 ·
712 688 868 735 ταχεῖαι
888 684 1001 726 nullo
1019 683 1191 726 dialecti
1211 684 1368 726 indicio
1386 684 1564 726 affertur.
1619 683 1770 726 Melius

225 749 402 794 fortasse
438 750 522 805 nisi
550 749 607 793 ad
644 754 864 806 utramque
899 746 1044 795 vocem
1076 751 1279 807 pertinet,
1316 751 1578 800 referendum
1614 754 1680 793 est
1713 749 1770 792 ad

227 816 357 873 πηρόν
396 832 491 862 eum
516 819 683 874 Guyeto
723 819 795 874 qui
831 819 895 859 καὶ
928 819 1001 860 τὸν
1036 820 1166 873 πηρὸν
1198 820 1361 872 Κρῆτες
1397 816 1543 870 βάλιον
1577 818 1770 872 coniecit,

227 899 385 929 memor
415 886 593 929 fortasse
620 886 730 930 alius
753 887 956 942 Hesychii
983 888 1151 942 glossae
1174 886 1356 939 βέλλιον·
1395 884 1553 939 ἀτυχές.
1594 888 1767 940 Κρῆτες.

333 952 668 1008 βαλικιώτης·
698 953 940 1009 συνέφηβος.
976 956 1147 1010 Κρῆτες.
1179 955 1358 1011 Hesych.
1393 951 1638 1008 βαλικιιότης
1667 953 1769 1009 quin

228 1035 303 1076 pro
331 1019 544 1075 ἡλικιώτης
572 1022 626 1064 sit
654 1022 832 1075 dietum,
871 1036 964 1065 cum
990 1023 1187 1080 dubitare
1221 1036 1305 1065 non
1335 1022 1462 1064 liceat
1501 1022 1566 1074 (ef.
1592 1022 1768 1064 Ahrens.

228 1088 267 1130 d.
297 1088 336 1130 d.
366 1088 464 1131 Dor.
496 1103 534 1144 p.
563 1092 656 1142 45),
693 1092 725 1140 β
751 1090 862 1133 unde
902 1090 1126 1133 deductum
1154 1091 1231 1143 sit,
1269 1104 1354 1133 non
1381 1090 1533 1144 liquet,
1570 1090 1769 1144 quoniam

227 1154 362 1209 ἡλίκος
400 1156 574 1211 eiusque
608 1156 802 1199 derivata
838 1155 1054 1211 digamma
1095 1168 1177 1198 non
1217 1155 1413 1200 habeant.
1496 1157 1637 1209 Quare
1673 1169 1769 1199 con-

230 1224 464 1267 cedendum
500 1225 578 1266 erit
609 1224 817 1267 Creticam
852 1222 1079 1266 dialectum
1115 1227 1161 1264 ut
1189 1223 1394 1278 digammi
1421 1225 1771 1277 amantissimam,

228 1294 383 1334 temere
414 1291 524 1334 hanc
551 1291 719 1334 literam
752 1290 922 1346 saepius
950 1294 993 1332 et
1021 1290 1289 1346 proposuisse
1318 1296 1360 1334 et
1389 1292 1616 1335 inseruisse
1645 1292 1695 1334 cf.
1713 1291 1769 1346 gl.

228 1356 389 1408 ἀβέλιος
418 1363 460 1400 et
487 1361 642 1409 βαΐκαν.
700 1358 862 1399 Eadem
888 1361 952 1399 est
978 1357 1086 1399 ratio
1114 1358 1282 1411 glossae

334 1426 700 1480 βασκαρίζειν·
739 1425 947 1480 σκαρίζειν.
988 1426 1160 1479 Κρῆτες.
1201 1426 1381 1482 Hesych.
1437 1426 1530 1478 Quo
1568 1425 1772 1468 vocabulo

228 1494 398 1548 probari
428 1494 594 1536 videtur
620 1507 704 1536 non
734 1494 868 1537 solum
895 1498 994 1536 ante
1025 1493 1242 1547 digamma
1281 1495 1349 1546 (cf,
1383 1495 1439 1549 gl.
1469 1491 1656 1548 ἄερσαν),
1697 1493 1774 1536 sed

184 1580 188 1584 ·
229 1560 357 1603 etiam
385 1564 485 1603 ante
525 1560 632 1603 duas
660 1574 867 1604 consonas
897 1577 923 1600 α
954 1574 1111 1617 ponere
1150 1561 1277 1603 licere
1308 1562 1352 1604 in
1381 1562 1564 1605 dialecto
1595 1562 1773 1605 Cretica.

336 1627 476 1679 βέλλι
489 1644 559 1668 ον·
588 1626 749 1680 ἀτυχές.
779 1630 953 1682 Κρῆτες.
983 1629 1163 1684 Hesych.
1194 1644 1234 1671 v.
1262 1629 1319 1684 gl.
1347 1629 1505 1680 βαλίαν.

334 1694 570 1746 βέντιον·
601 1693 690 1735 α’ντὶ
717 1697 792 1735 ‘coi
821 1695 983 1747 βέλτιον
1002 1697 1163 1749 Κρῆτες
1183 1695 1377 1749 λέγουσιν.
1417 1696 1595 1738 Phavor.
1623 1710 1663 1751 p.
1691 1698 1776 1736 154.

229 1763 301 1817 qui
331 1762 518 1817 sequitur
547 1763 796 1817 Gregorium
826 1764 1101 1807 Corinthium.
1157 1778 1196 1806 v.
1215 1764 1400 1807 Gramm.
1420 1764 1672 1806 Meermann.
1702 1763 1775 1817 qui

229 1822 355 1892 ἦνθεν
393 1843 468 1886 pro
504 1823 631 1883 ἦλθεν
666 1831 938 1874 Cretensibus
973 1831 1130 1874 tribuit.
1205 1832 1296 1874 Iam
1331 1844 1431 1874 vero
1472 1830 1660 1874 Koenius
1701 1830 1775 1882 (ad

230 1899 356 1953 Greg.
378 1898 470 1942 Cor.
492 1912 533 1954 p.
555 1900 652 1949 354)
684 1903 797 1942 recte
826 1899 1059 1953 annotavit,
1088 1899 1361 1942 Theocriteas
1391 1898 1469 1941 has
1497 1898 1653 1941 formas
1680 1911 1774 1941 esse

229 1966 298 2009 vel
337 1965 381 2008 in
428 1966 594 2020 vulgari
631 1966 791 2009 Doride
834 1966 1033 2020 usitatas,
1076 1967 1298 2010 Cretenses
1343 1970 1484 2009 autem
1528 1964 1692 2018 βεύτιον
1734 1969 1776 2008 et

230 2025 357 2086 ηὗθεν
385 2033 679 2088 pronuntiasse
706 2038 909 2089 oportere.
941 2034 993 2076 cf.
1024 2034 1079 2089 gl.
1111 2032 1255 2087 αὐγεΐν.

336 2098 516 2153 βόλος·
566 2099 645 2141 ὑπὸ
686 2102 867 2154 Κρητῶν
899 2101 963 2140 καὶ
1001 2100 1027 2154 ἦ
1063 2101 1132 2141 διὰ
1171 2098 1347 2155 σαγήνης
1391 2098 1495 2154 ἄγρα
1531 2101 1594 2140 καὶ
1630 2100 1655 2140 o‘
1693 2103 1776 2141 τῶν

230 2165 370 2220 κύβων
398 2169 462 2208 καὶ
490 2166 770 2223 ἀστραγάλων.
825 2169 918 2212 ΕΜ.
948 2170 1040 2222 215,
1069 2171 1132 2212 26.
1161 2169 1212 2211 ef.
1241 2169 1422 2224 Hesych.
1454 2183 1486 2211 s.
1515 2183 1555 2211 v.

336 2236 589 2288 βρε[ὕ]κος
618 2236 699 2289 (sic
725 2249 777 2278 ex
808 2235 955 2278 ordine
984 2235 1288 2278 restituendum
1316 2240 1380 2279 est
1407 2250 1483 2291 pro
1508 2250 1559 2279 eo
1587 2236 1701 2290 quod
1730 2236 1775 2278 in

229 2303 375 2347 codice
393 2307 457 2347 est
476 2302 661 2358 βρέκος)·
689 2302 715 2357 ἡ
743 2303 867 2357 μικροὶ
896 2302 1010 2358 ἀκρὶς
1037 2302 1115 2344 ὑπὸ
1139 2305 1331 2357 Κρητῶν.
1362 2303 1546 2359 Hesych.
1587 2303 1774 2347 Bekkeri

230 2372 389 2415 Anecd.
417 2373 478 2427 (p.
509 2373 600 2425 223,
629 2371 656 2414 l.
684 2372 754 2423 20)
780 2374 961 2424 βραῦκος
988 2372 1201 2425 exhibent,
1230 2372 1306 2415 sed
1334 2372 1403 2415 hie
1430 2385 1596 2426 quoque
1625 2371 1774 2416 ordine

230 2440 465 2495 glossarum
491 2440 661 2493 βρεῦκος
690 2439 937 2494 postulatur.

340 2505 724 2562 Βριτόμαρτις·
758 2506 799 2546 ἐν
827 2505 978 2563 Κρήτῃ
1008 2507 1031 2548 ,5
1053 2504 1252 2561 Ἄρτεμις.
1285 2507 1468 2562 Hesych.
1517 2521 1553 2549 v.
1589 2507 1777 2562 glossam

231 2580 487 2632 sequentem.
890 2571 895 2576 ”
1486 2602 1496 2609 .

340 2642 515 2698 βριτύ·
549 2640 684 2697 γλυκύ.
720 2643 892 2695 Κρῆτες.
933 2643 1113 2698 Hesych.
1185 2643 1453 2686 Conferenda
1498 2648 1596 2687 sunt
1643 2644 1781 2689 Solini

232 2713 365 2758 verba
391 2713 436 2756 in
453 2711 600 2767 Polyh.
626 2725 660 2755 c.
685 2712 754 2752 11:
783 2710 941 2764 ,Cretes
956 2709 1142 2753 Dianam
1167 2710 1485 2766 religiosissime
1512 2716 1781 2767 venerantur,
1802 2738 1816 2749 --

232 2783 513 2824 Britomarten
543 2780 636 2832 (sed
671 2792 878 2833 nusquam
916 2779 1004 2822 alia
1032 2779 1167 2822 forma
1193 2783 1335 2822 exstat
1367 2779 1451 2823 nisi
1481 2777 1783 2835 Βριτόμαρτις)

233 2848 450 2905 gentiliter
492 2848 777 2902 nominantes,
823 2846 937 2902 quod
981 2860 1173 2891 sermone
1217 2851 1361 2892 nostro
1403 2852 1528 2892 sonat
1572 2849 1782 2905 virginem
