1964 3184
675 691 943 741 GLossAE
980 690 1288 741 ORETIOAE.

950 891 1010 931 A.

301 963 348 1006 Ἀ
358 964 420 1018 βέ
428 968 559 1005 λιον·
589 961 713 1019 ἣλιον.
748 967 919 1021 Κρῆτες.
947 967 1130 1021 Hesych.
1195 968 1245 1009 In
1277 967 1357 1010 hoc
1386 966 1592 1010 vocabulo
1623 967 1749 1010 vesti-

196 1035 314 1088 gium
346 1034 552 1088 digammi
581 1034 803 1087 retinetur,
843 1035 961 1081 cuius
999 1035 1172 1088 quidem
1211 1035 1255 1076 in
1285 1035 1422 1077 locum
1450 1037 1481 1085 β
1508 1035 1552 1077 in
1583 1035 1752 1078 Cretica

198 1101 381 1144 dialecto
420 1101 675 1144 successisse
723 1105 900 1144 constat.
957 1103 1096 1156 Atque
1132 1102 1300 1144 solitum
1336 1102 1382 1144 id
1418 1102 1589 1156 quidem
1616 1106 1681 1146 est
1706 1103 1750 1144 in

197 1169 320 1211 initio
349 1169 672 1224 vocabulorum,
712 1173 757 1212 ut
789 1169 974 1210 Βοίνοπα
1005 1170 1161 1225 legitur
1190 1170 1235 1212 in
1266 1170 1312 1213 C.
1340 1170 1372 1212 I.
1403 1171 1523 1225 2554,
1556 1171 1631 1211 127
1662 1171 1751 1224 (ubi

196 1236 343 1279 titulus
373 1236 481 1279 falso
508 1235 697 1276 ‘Poa'vona
726 1238 928 1280 exhibere
955 1238 1176 1293 traditur);
1206 1238 1429 1290 Βοινοβιόυ
1458 1239 1503 1282 C.
1522 1239 1553 1281 I.
1579 1240 1698 1292 2576,
1726 1240 1751 1279 3

198 1309 241 1348 et
268 1305 384 1360 apud
413 1305 648 1360 Sprattium
677 1306 722 1348 in
750 1307 835 1349 tab.
866 1307 899 1359 Ι,
930 1308 953 1346 7
983 1307 1008 1349 l.
1040 1310 1087 1348 10
1128 1306 1342 1360 (Osannus
1377 1310 1421 1349 et
1448 1306 1753 1350 Boissonadius

197 1374 338 1416 minus
376 1377 490 1416 recte
527 1373 796 1428 Κοινοβιόυ);
835 1371 1150 1425 Βαναξιβούλου
1188 1375 1234 1417 G.
1265 1375 1298 1417 I.
1330 1375 1455 1428 2572,
1484 1376 1521 1416 5.
1554 1376 1681 1428 2577,
1711 1376 1754 1429 13

205 1440 433 1481 Βολοεντιόι
464 1454 540 1496 pro
570 1438 815 1496 Ὀλούντιοι,
844 1442 985 1495 Βῆρος
1011 1442 1181 1497 saepius
1207 1455 1284 1497 pro
1313 1442 1455 1495 Verus,
1484 1441 1680 1482 Βινατιάν
1708 1442 1753 1484 in

198 1509 263 1551 tit.
290 1509 457 1564 Bergm.
487 1509 513 1551 l.
544 1511 595 1550 64
625 1513 668 1552 et
695 1510 746 1550 80
774 1509 840 1562 (cf.
861 1510 917 1564 gl.
937 1506 1151 1564 Εἶὶιατον),
1180 1510 1359 1553 fortasse
1388 1509 1558 1550 Βιαννιά
1587 1523 1754 1564 quoque

200 1576 302 1618 inde
332 1579 363 1626 β
391 1576 552 1632 recepit
580 1577 725 1630 (hodie
755 1581 820 1621 est
848 1578 1016 1630 Viano).
1079 1578 1179 1620 Alia
1204 1578 1344 1620 minus
1372 1581 1488 1620 certa
1514 1581 1630 1631 sunt,
1668 1578 1756 1620 alia

202 1645 331 1687 etiam
368 1645 477 1687 falso
515 1645 597 1688 huc
633 1646 866 1688 referuntur
913 1649 959 1689 ut
992 1643 1238 1699 βαλικιώτης
1277 1649 1320 1689 et
1355 1644 1621 1699 βασκαρίζειν.
1704 1646 1754 1688 In

201 1712 355 1754 mediis
389 1712 607 1754 vocabulis
645 1716 675 1763 β
711 1713 924 1755 invenitur
962 1727 1037 1768 pro
1074 1713 1120 1754 F
1151 1714 1335 1768 positum
1371 1713 1415 1755 in
1456 1711 1599 1766 Νέρβα
1628 1713 1691 1766 (C.
1720 1714 1753 1756 Ι.

202 1780 332 1833 2572,
365 1782 399 1821 1.
438 1780 565 1833 2573,
598 1782 632 1822 1.
661 1782 699 1820 6.
735 1781 854 1833 2574,
886 1782 917 1821 1.
957 1782 1074 1822 2575.
1114 1782 1239 1833 2579,
1276 1780 1321 1822 in
1358 1793 1440 1834 quo
1478 1780 1605 1822 miror
1641 1780 1754 1834 quod

201 1847 445 1891 Boeckhius
461 1860 629 1903 semper
644 1845 810 1901 Νερούα
832 1847 1040 1903 scripsit),
1061 1848 1105 1889 in
1123 1848 1277 1902 glossis
1294 1844 1484 1899 ἅπεξέβαι
1499 1851 1541 1890 et
1560 1845 1690 1901 Ξξθηνα.
1705 1871 1752 1878 --

202 1916 252 1957 In
290 1916 387 1970 ipsa
422 1915 566 1969 glossa
602 1913 765 1967 ἅβέλιον
805 1929 898 1958 cum
944 1916 1150 1970 digammi
1189 1915 1376 1958 radicem
1415 1928 1500 1957 non
1536 1914 1755 1957 videamus

202 1983 257 2026 iis
293 1983 472 2027 fortasse
510 1983 827 2042 assentiendum
865 1988 951 2038 est,
995 1983 1068 2038 qui
1106 1983 1278 2039 saepius
1324 1982 1369 2025 in
1407 1982 1576 2026 Cretica
1607 1982 1755 2037 lingua

203 2051 296 2094 sine
334 2055 449 2094 certa
490 2064 622 2094 causa
657 2052 767 2094 hanc
801 2052 969 2094 literam
1003 2052 1048 2093 in
1085 2051 1229 2093 media
1265 2051 1474 2094 vocabula
1502 2050 1755 2093 inculcatam

202 2133 295 2163 esse
324 2123 499 2163 censent
527 2119 578 2163 cf.
601 2119 792 2162 Dethier.
820 2119 865 2160 in
893 2119 985 2161 Act.
1009 2118 1129 2161 acad.
1159 2118 1339 2161 Vindob.
1365 2118 1479 2161 1859.
1511 2117 1592 2160 vol.
1612 2117 1755 2159 XXX.

202 2202 241 2242 p.
268 2188 357 2228 468.
411 2187 613 2241 Idemque
641 2187 810 2230 videtur
828 2186 1173 2241 Pamphyliorum
1189 2186 1363 2240 linguae
1381 2185 1597 2240 proprium
1614 2185 1757 2238 fuisse,

202 2255 315 2310 quod
343 2255 449 2298 satis
471 2254 764 2298 demonstrant
781 2254 952 2309 glossae
968 2253 1172 2309 Hesychii
1202 2251 1385 2306 ἀβελίην·
1412 2249 1589 2306 ἦλιακήν,
1626 2253 1755 2305 Παμ-

201 2321 341 2379 φύλιοι
377 2327 420 2367 et
456 2324 687 2367 Phavorini
723 2326 782 2379 (p.
824 2324 937 2375 147):
985 2320 1178 2374 βαβέλιος
1214 2318 1303 2362 ἀντὶ
1331 2316 1414 2362 τοῦ
1437 2317 1570 2369 ἀέλιος
1598 2315 1622 2361 δ’
1648 2319 1757 2361 ἔστιν

200 2387 314 2446 ἣλιος
342 2392 446 2433 κατὰ
474 2393 670 2446 γλῶσσαν
696 2389 976 2445 Παμφυλίων.

310 2458 336 2499 οἷ
346 2459 516 2512 βλοπέ
523 2476 543 2507 ς
566 2460 676 2513 (cod.
707 2457 923 2512 ἄβλόπες)·
951 2456 1140 2510 ἀβλαβές.
1172 2459 1345 2512 Κρῆτες.
1369 2457 1553 2514 Hesych.
1608 2458 1658 2500 In
1677 2457 1757 2500 hoc

201 2528 409 2571 vocabulo
439 2531 470 2579 β
495 2528 540 2569 in
565 2544 595 2567 π
623 2531 830 2570 mutatum
857 2526 1051 2569 videmus
1079 2526 1130 2569 cf.
1159 2524 1376 2579 ιίροπῆσαι.
1438 2526 1506 2568 De
1536 2525 1758 2568 obtusione

200 2597 363 2641 vocalis
391 2610 431 2640 v.
459 2609 608 2639 comm.
637 2609 678 2651 p.
713 2598 774 2638 17.

311 2661 493 2718 ἄγὸυς·
532 2660 655 2718 ἄγγος
687 2666 731 2704 Κ
734 2660 909 2719 ρητικόν.
948 2663 1131 2718 Hesych.
1189 2678 1213 2716 y
1248 2663 1397 2706 literae
1432 2662 1478 2704 in
1515 2661 1540 2700 δ
1579 2660 1756 2703 mutatio

201 2732 476 2789 agnoscenda
502 2736 568 2776 est
595 2736 642 2775 ut
669 2733 714 2775 in
743 2729 878 2780 ἁὸνός.

312 2800 659 2857 ἀγελάστους·
688 2799 885 2856 ἐφήβους·
916 2800 1091 2854 Κρῆτες·
1129 2800 1310 2855 Hesych.
1347 2799 1397 2842 cf.
1425 2798 1532 2841 Plut.
1561 2797 1661 2851 Lyc.
1695 2798 1765 2838 16.-

204 2872 310 2915 Plat.
352 2872 406 2915 de
442 2872 551 2926 legg.
578 2870 655 2913 III.
694 2871 784 2912 694.
813 2870 863 2923 Ε,
901 2868 974 2923 qui
1010 2866 1153 2922 ἀγέλας
1186 2865 1352 2922 ἀνδρῶν
1381 2867 1686 2922 Spartanorum
1715 2868 1758 2909 et

205 2939 469 2983 Cretensium
507 2941 813 2981 commemorat.
893 2934 1036 2991 ἀγέλας
1074 2936 1230 2992 legitur
1266 2936 1311 2980 O.
1350 2935 1381 2976 1.
1418 2934 1525 2974 2554
1536 2937 1558 2986 ,1
1589 2934 1654 2975 35.
1691 2934 1754 2974 44.
