1964 3184
827 208 1092 249 „41-

172 311 409 369 Ἀθηναίοις
432 317 515 358 κτλ.
573 314 610 356 οἱ
638 312 755 355 αι’τοὶ
782 312 825 354 δὲ
852 314 962 368 παρὰ
972 312 1206 368 Ἀθηναίοις
1234 315 1360 368 θῆτες
1388 310 1579 366 λέγονται,
1603 311 1717 364 παρὰ

171 373 364 437 Ἀργὲίοὶς
401 386 621 437 γυμνῆτες,
658 383 769 436 παρὰ
808 383 1033 432 Θεσσαλοῖς
1070 382 1227 424 πένεται
1264 383 1307 437 (l.
1348 379 1570 432 πενέσται),
1605 378 1718 432 παρὰ

178 451 316 505 ,Κρησὶ
354 450 540 502 πέλαται,
578 451 690 505 παρὰ
725 451 973 504 Σικορονίοις
1007 453 1051 506 (l.
1081 451 1331 504 Σικυωνίοις)
1366 447 1635 503 κορυφανίροι
1671 447 1715 500 (l.

176 515 492 574 κορυνηφόροι),
532 520 643 573 παρὰ
668 513 723 561 Ζδὲ
751 521 1044 574 Συρακουσίοις
1079 516 1320 571 καλλικάροι.
1375 518 1516 569 Quare
1544 528 1717 559 consen-

175 588 347 630 taneum
374 590 440 631 est
467 588 595 631 etiam
622 586 788 630 πέλαται
815 588 860 631 in
887 589 1090 643 κλαρῶται
1117 590 1292 630 mutare.

281 654 512 706 πέλεκυς·
540 655 653 712 οἷ’ξίνη
682 657 889 710 δίστομος.
918 652 945 711 ἢ
970 655 1180 709 ammaim
1206 651 1435 707 ἓξαμνιαῖον
1461 649 1648 704 οἷρχαῖον.
1680 648 1717 690 οἱ

176 721 220 763 δὲ
248 723 609 778 (δω)δεκαμνιαΐον.
639 725 819 782 Hesyeh.
872 725 1018 768 Altera
1045 723 1299 779 significatio
1323 720 1491 765 Cretica
1518 722 1584 762 est
1610 721 1718 761 teste

175 790 364 834 Eustath.
400 793 512 835 1878.

283 860 457 913 πῆριξ·
484 858 635 915 πέρδιξ.
667 861 838 914 Κρῆτες.
871 859 1051 915 Hesyeh.
1079 862 1122 901 et
1150 857 1380 900 Herodian.
1415 855 1479 899 ed.
1511 855 1634 897 Lenz.
1664 855 1720 896 ΙΙ.

176 939 216 981 p.
237 927 329 968 568.
359 927 383 969 l.
406 928 469 969 25.
526 928 752 972 Simillima
770 932 835 970 est
862 928 970 969 ratio
986 925 1182 969 vocabuli
1197 921 1453 976 Ἐλεύθερνα,
1479 921 1592 976 quod
1612 925 1719 964 teste

176 993 392 1050 Stephano
407 995 613 1051 Byzantio
631 1002 642 1033 f
650 1009 682 1039 s.
700 998 753 1044 v.)
784 991 1013 1047 Ἐλευθῆρα
1040 1004 1207 1048 quoque
1230 991 1383 1034 sonuit.
1412 990 1460 1030 V.
1478 989 1535 1044 gl.
1553 985 1719 1042 ἅχηρον.

284 1059 582 1116 πρόμαχος·
618 1062 699 1104 ὑπὸ
731 1063 913 1115 Κρητῶν
944 1061 1056 1113 μᾶζα
1093 1057 1301 1115 ἑβδομαίῳ
1340 1057 1488 1113 παιδίῳ
1517 1055 1719 1111 γενομένη.

178 1129 360 1186 Hesyeh.
418 1130 714 1175 Voretzsehius
730 1129 787 1172 ad
803 1128 989 1172 radicem
1016 1143 1101 1180 μακ
1119 1126 1258 1181 refert,
1284 1126 1398 1169 unde
1411 1126 1541 1169 etiam
1566 1121 1718 1177 μάσσω

175 1201 218 1240 et
244 1198 423 1252 μακαρία
450 1199 715 1254 proveniant.
769 1211 809 1241 v.
841 1197 1030 1241 Curtium
1056 1195 1159 1239 Rad.
1188 1209 1229 1250 p.
1259 1196 1351 1237 455.

282 1267 571 1319 Πυργῖται·
600 1264 637 1305 οἶ
666 1266 839 1318 Κρῆτες.
869 1264 1051 1320 Hesych.

918 1385 963 1426 P.

281 1465 513 1519 Ῥυστόν,
543 1466 658 1522 δόρυ.
688 1469 860 1522 Κρῆτες.
892 1467 1073 1522 Hesyeh.
1131 1467 1281 1509 Miram
1320 1467 1366 1509 in
1394 1467 1474 1510 hoe
1509 1468 1715 1510 vocabulo

175 1536 526 1591 permutationem
554 1552 578 1590 ρ
606 1540 649 1580 et
679 1538 701 1585 ξ
727 1549 1003 1579 consonarum
1032 1536 1180 1579 statuit
1205 1536 1259 1578 M.
1288 1534 1582 1589 Schmidtiusss

921 1657 968 1697 Σ.

283 1743 466 1781 σεῒναι·
505 1740 646 1780 θεῖναι.
689 1740 860 1794 Κρῆτες.
896 1739 1080 1795 Hesyeh.
1148 1738 1304 1782 Variae
1351 1737 1639 1782 dubitationes
1674 1740 1720 1782 in

173 1809 255 1850 hae
288 1807 432 1862 glossa
466 1812 707 1861 oeeurrunt,
752 1808 866 1863 quod
904 1812 947 1851 et
983 1808 1175 1851 ordinem
1216 1808 1355 1851 turbet
1396 1808 1522 1858 (inter
1559 1812 1642 1848 σεΐν
1678 1812 1721 1851 et

173 1875 288 1924 σείεις
315 1876 492 1929 inserta)
529 1879 573 1919 et
613 1876 950 1920 terminationem
990 1876 1210 1931 vulgarem
1244 1876 1449 1932 praebeat
1484 1890 1561 1932 pro
1599 1874 1719 1929 σε’μεν

173 1947 217 1987 et
244 1943 359 1998 quod
388 1944 423 1982 θ
450 1943 615 1987 Cretiee
643 1944 687 1986 in
717 1959 744 1984 σ
770 1944 923 1987 mutari
952 1957 1037 1987 non
1066 1944 1211 1999 possit.
1274 1944 1415 1996 Quare
1443 1944 1608 1988 Ahrens
1648 1944 1720 1987 do-

174 2011 283 2055 ctius
298 2011 478 2055 fortasse
495 2024 623 2066 quam
637 2012 791 2055 reetius
806 2011 977 2067 scripsit
1019 2015 1141 2051 σεΐαι·
1171 2012 1294 2052 θεῖαι.
1320 2008 1531 2059 Λάκωνες.
1557 2012 1721 2065 Κρΐτες

174 2077 218 2118 δὲ
244 2076 398 2128 stabat,
426 2079 626 2133 quoniam
655 2083 698 2121 et
725 2079 779 2122 de
807 2079 889 2122 hae
915 2081 1147 2122 muta-tione
1175 2079 1388 2123 Laeoniea
1414 2083 1458 2123 et
1486 2079 1540 2123 de
1556 2080 1722 2123 Cretico

174 2145 371 2190 voeabuli
408 2143 542 2187 θεῖναι
578 2159 657 2190 usu
694 2149 869 2190 constat.
929 2146 1085 2189 Verum
1123 2150 1266 2190 tamen
1303 2146 1499 2202 equidem
1538 2146 1722 2201 glossam

174 2214 326 2258 falsam
361 2228 447 2258 non
484 2228 579 2259 esse
617 2215 825 2259 existimo.
904 2215 1020 2260 Ordo
1059 2216 1170 2259 enim
1210 2228 1296 2258 non
1341 2218 1428 2257 tam
1462 2214 1545 2258 hae
1580 2214 1725 2270 glossa

173 2294 300 2337 quam
329 2282 523 2337 sequenti
550 2281 664 2331 σείεις
690 2283 882 2326 turbatur
898 2283 1008 2326 inter
1037 2288 1162 2323 σεΐναι
1190 2287 1233 2326 et
1260 2281 1495 2334 σειομένους
1513 2282 1726 2325 inculcata

174 2363 366 2405 quaeque
396 2350 483 2393 iam
512 2363 591 2406 per
619 2363 665 2393 se
682 2364 882 2406 magnam
900 2350 1059 2394 habeat
1076 2351 1362 2395 offensionem.
1417 2349 1586 2394 Deinde
1612 2351 1726 2406 quod

173 2417 363 2474 vulgaris
402 2416 538 2461 forma
564 2417 762 2473 offendit,
798 2432 884 2462 non
923 2419 1171 2462 inusitatum
1206 2432 1301 2463 esse
1330 2418 1545 2475 Hesychio
1579 2422 1727 2462 notum

176 2490 241 2530 est
267 2486 500 2530 eommunis
527 2487 700 2542 linguae
728 2488 1047 2531 terminationes
1076 2487 1302 2543 adhibere,
1342 2487 1380 2531 si
1408 2501 1494 2531 non
1528 2487 1726 2531 termina-

175 2554 357 2609 tionem,
396 2554 473 2598 sed
501 2555 753 2598 vocabulum
779 2555 919 2611 ipsum
958 2569 986 2598 a
1013 2556 1181 2611 vulgari
1208 2569 1287 2599 usu
1316 2556 1503 2599 alienum
1531 2568 1626 2599 esse
1655 2556 1727 2599 de-

174 2623 408 2666 monstrare
433 2621 576 2666 Studet
609 2623 662 2667 ef.
697 2620 909 2678 κοσύμβη,
947 2621 1117 2680 κάρτην,
1155 2620 1417 2677 βαλικιῶτης,
1455 2623 1725 2677 βασκαρίζειν.

175 2690 428 2745 Ceteroquin
457 2691 701 2745 προσθεῖναι
731 2696 798 2736 est
826 2693 872 2736 in
900 2693 965 2736 tit.
996 2693 1162 2737 Cretico
1195 2693 1289 2737 (3.1.
1318 2694 1437 2734 2557.
1468 2692 1516 2735 Β.
1547 2693 1612 2735 25.
1660 2692 1727 2736 De

174 2759 408 2804 mutatione
453 2758 637 2815 denique
675 2762 709 2801 θ
746 2761 895 2805 literae
928 2762 974 2804 in
1011 2774 1038 2802 σ
1086 2761 1283 2805 dubitare
1322 2764 1436 2804 certe
1472 2760 1595 2816 lieet,
1649 2760 1727 2803 sed

174 2828 346 2888 omnino
382 2828 477 2886 eam
511 2827 597 2873 non
634 2829 789 2874 eadere
825 2830 870 2873 in
905 2830 1095 2886 linguam
1129 2830 1341 2875 Creticam
1375 2843 1461 2873 non
1496 2843 1574 2886 pro
1611 2832 1725 2873 eerto

174 2895 483 2943 affirmaverim.
586 2905 588 2909 ·

1435 2982 1455 3013 6

1898 3149 1964 3184 ὲέἐ
