1964 3184
777 166 1093 206 .--43-

182 273 230 313 τό
261 273 357 328 τῇδε
386 270 457 312 οὔκ
487 268 586 313 ἄλλο
614 287 653 312 τι
681 269 707 325 ἥ
736 272 784 313 τὸ
811 272 911 327 ,τῇδε
937 271 1001 314 καὶ
1028 271 1222 312 ἐνταῦθα.
1249 270 1314 311 καὶ
1341 266 1587 324 λεξογράφοι
1611 269 1729 322 Κρη-

184 342 270 381 τῶν
292 336 391 383 εἶναι
420 340 503 393 ,τὴν
528 339 674 394 φωνὴν
699 337 947 394 ἀνέγραψαν.
996 338 1149 381 Μέλλει
1176 339 1253 393 γὰρ
1286 336 1516 384 οὕδὲντοῒς
1544 340 1731 389 ποιηταῖς

185 409 261 462 τὴν
288 411 451 449 πολλῶν
489 404 712 460 συνήθειαν
735 407 1057 461 1ὲἔκτᾳιιπθὶιιείιοις
1083 408 1148 448 καὶ
1169 404 1380 454 τοιαύταις
1400 401 1561 446 διδόναι
1584 400 1731 457 χώραν

184 474 343 525 λέξεσιν.
399 475 451 519 cf.
490 474 693 531 Hesychii
729 475 932 530 glossam:
971 477 1087 532 τῇδε·
1125 466 1213 516 ὧδε.
1251 474 1447 515 ἐνταῦθα.
1514 473 1564 514 In
1597 470 1732 513 titulis

184 544 361 587 Creticis
388 543 484 598 τῇδε
511 543 760 586 adverbium
788 557 871 587 non
899 541 1124 588 invenitur.

288 610 339 651 τί
360 611 385 651 δ
395 610 469 654 αι’·
504 610 552 651 ,τί
571 606 800 664 γάρᾶλλα,
827 606 858 664 ἦ
887 611 933 652 τί·
953 608 1054 665 γάρ,·
1083 612 1257 664 Κρῆτες.
1287 609 1468 650 Βοιωτοὶ
1495 607 1539 648 δὲ
1567 604 1728 647 ἐνθάδε.

176 677 352 721 Ἀττικοὶ
381 679 448 719 διὰ
476 678 520 720 τί
544 675 605 733 δή.
630 679 833 735 Hosyeh.

288 745 498 794 τιθένς·
526 747 667 794 τιθείς
697 761 733 789 v.
761 746 835 795 ἓνς.

292 814 484 869 τίριος·
513 812 717 869 θέρου(ς).
752 815 926 870 Κρῆτες.
956 815 1138 872 Hesych.
1187 833 1198 855 ι
1227 829 1302 871 pro
1329 831 1344 855 ε
1362 814 1521 857 dictum
1537 772 1732 856 Creticae

186 873 359 926 dialecti
394 883 608 938 proprium
642 896 735 926 esse
776 884 947 938 saepius
975 884 1067 926 iam
1095 884 1199 926 dixi.
1265 884 1331 926 Dc
1368 884 1402 922 θ
1437 882 1586 925 literae
1624 880 1669 922 in
1707 896 1730 919 τ

186 950 419 995 mutatione
445 964 486 993 v.
515 950 751 997 Voretzsch.
774 951 851 996 ÷De
880 951 1005 1010 inser.
1033 951 1134 994 Cret
1172 965 1210 1006 p.
1244 953 1304 994 16.

285 1021 415 1059 τοῖν·
443 1016 488 1059 τί
507 1033 615 1059 ποτε.
647 1019 817 1072 Κρῆτες.
845 1018 1035 1074 Hesycb
1078 1019 1175 1062 Non
1204 1017 1386 1074 expedio
1413 1030 1451 1059 v.
1480 1015 1525 1055 τί
1546 1014 1627 1054 δαί.

294 1086 463 1127 τοίνυ·
491 1084 555 1128 σύ.
585 1087 798 1140 (Istam).
825 1086 1006 1131 Gramm.
1036 1087 1291 1130 Meermann.

292 1151 438 1194 τόκα·
465 1151 568 1194 τότε.
598 1154 721 1208 Greg.
753 1154 846 1197 Cor.
901 1154 1096 1197 Cretibus
1130 1154 1298 1207 tribuit,
1335 1152 1412 1195 sed
1445 1155 1512 1194 est
1544 1150 1731 1193 omnium

185 1222 464 1271 Doriensium.
999 1215 1001 1217 ’

293 1286 552 1341 τ-ορδυλόν
596 1289 702 1338 (eod.
740 1286 956 1343 τορδηλόν)
994 1288 1078 1329 ἔστι
1114 1289 1161 1329 τὸ
1197 1288 1405 1341 Κρητικὸν
1431 1286 1571 1327 σέσελι.
1629 1286 1728 1327 Lex.

188 1356 331 1400 botan.
361 1357 406 1399 in
434 1356 702 1400 Boissonadii
730 1357 886 1401 Anecd.
916 1357 986 1401 Gr.
1014 1358 1068 1400 Il.
1098 1370 1139 1413 p.
1170 1357 1262 1400 407.
1289 1356 1318 1398 l.
1348 1357 1385 1396 9.

292 1420 506 1471 τούτας·
534 1421 699 1471 ταῦτας.
724 1425 933 1478 (Κρῆτες).
966 1425 1093 1479 Greg.
1123 1425 1217 1468 Cor.

293 1489 405 1545 τρέ·
434 1489 489 1532 σε’.
521 1492 693 1544 Κρῆτες.
730 1491 913 1547 Hesych.
969 1491 1103 1535 Multa
1143 1494 1187 1534 et
1224 1491 1346 1534 varia
1378 1490 1433 1533 de
1470 1490 1551 1533 hac
1587 1489 1733 1544 glossa

185 1558 405 1614 disputata
431 1562 530 1602 sunt
563 1563 607 1602 et
631 1558 687 1602 ab
713 1558 767 1601 iis
795 1558 867 1613 qui
896 1574 920 1613 ρ
950 1572 1004 1602 cx
1029 1559 1243 1614 digammo
1258 1562 1402 1601 natum
1421 1570 1516 1601 esse
1534 1560 1733 1613 putarent

186 1629 230 1668 et
255 1625 311 1668 ab
340 1625 395 1668 iis
414 1625 486 1679 qui
504 1625 632 1681 plane
649 1629 855 1680 negarent
870 1625 915 1667 id
933 1625 1022 1668 fieri
1041 1625 1239 1681 potuisse.
1293 1627 1452 1669 Horum
1478 1624 1731 1668 sententiam

185 1691 324 1748 magis
340 1692 561 1748 magisque
576 1692 747 1736 vincere
765 1692 903 1747 video,
931 1705 1185 1748 quamquam
1212 1692 1275 1735 illi
1300 1693 1494 1736 desertae
1522 1696 1565 1734 et
1594 1704 1733 1747 paene

185 1760 387 1817 explosae
425 1773 559 1804 novus
598 1760 766 1804 adiutor
804 1761 968 1804 exstitit
1004 1761 1227 1816 Helbigius
1261 1760 1306 1803 in
1333 1760 1502 1813 Quaest.
1538 1759 1593 1803 de
1627 1759 1729 1802 dial.

186 1829 296 1872 Oret.
331 1841 370 1884 p.
421 1830 479 1869 12.
535 1829 624 1871 Imo
659 1828 704 1870 in
741 1828 912 1871 hovida
947 1828 1197 1871 incultorum
1230 1829 1444 1871 hominum
1481 1828 1630 1882 lingua
1664 1827 1731 1869 in-

185 1900 343 1940 sertum
371 1908 466 1940 esse
494 1905 530 1949 ρ·
548 1899 591 1939 et
619 1896 747 1939 inseri
776 1895 964 1952 potuisse
991 1895 1170 1939 videtur.

292 1960 474 2017 τριτώ·
513 1962 540 2016 ἦ
575 1961 741 2017 κεφαλή.
780 1964 919 2007 Schol.
957 1963 1015 2006 ad
1051 1964 1173 2007 Hom.
1207 1964 1254 2006 11.
1287 1964 1337 2005 Θ.
1376 1966 1427 2005 39
1462 1964 1508 2006 in
1544 1964 1730 2007 Cramer.

184 2029 346 2074 Anecd.
373 2029 468 2073 Par.
495 2029 568 2073 111.
597 2043 638 2086 p.
667 2031 720 2071 30
756 2031 813 2086 (p.
841 2031 934 2084 229,
960 2031 997 2072 3.
1025 2043 1067 2086 p.
1096 2031 1189 2083 249,
1224 2032 1282 2072 13.
1320 2030 1452 2073 Phav.
1483 2044 1511 2086 p
1553 2030 1648 2080 708)
1676 2029 1733 2071 ad

184 2111 224 2140 v.
256 2096 545 2152 τριτογένειαν·
571 2098 699 2152 ‘tot-cu)
729 2097 807 2151 γὰρ
835 2098 938 2138 κατὰ
970 2099 1161 2152 γλῶσσαν
1187 2099 1376 2152 Κρητῶν,
1397 2097 1423 2139 v‘-
1448 2095 1612 2153 κεφαλή.

291 2168 397 2206 τυῒ·
426 2154 516 2207 ὧδε.
546 2165 721 2219 Κρῆτες.
751 2165 933 2222 Hesych-
1001 2165 1218 2210 Adverbia
1253 2167 1297 2209 in
1335 2183 1376 2207 υι
1408 2166 1582 2210 Aeolieo
1617 2179 1734 2209 more

185 2233 427 2278 desinentia
467 2233 513 2276 in
552 2233 732 2277 Creticis
774 2234 909 2278 titulis
950 2234 1056 2278 haec
1093 2234 1383 2278 inveniuntur:
1429 2230 1521 2276 ὅτυι
1569 2235 1615 2278 in
1668 2234 1732 2278 tit.

184 2302 352 2358 Bergm.
383 2301 456 2356 68;
483 2301 574 2353 (ubi
602 2301 912 2357 Bergmannius
938 2303 1031 2346 sine
1056 2315 1187 2346 causa
1214 2302 1385 2358 scripsit
1409 2298 1545 2357 ὅ[π]υι
1570 2304 1659 2355 κα),·
1692 2297 1742 2342 vl

182 2370 268 2412 Mn.
297 2369 362 2423 11,
401 2370 462 2412 16.
498 2369 561 2409 22.
601 2368 687 2422 111,
719 2370 790 2424 16;
829 2373 872 2413 et
909 2370 1088 2413 fortasse
1126 2373 1238 2414 recte
1278 2369 1393 2425 φλίυι
1435 2369 1733 2414 Voretzschius

182 2435 373 2481 defendit
400 2435 511 2479 tituli
529 2435 727 2502 Gortynii
753 2437 1039 2492 antiquissimi
1065 2435 1389 2492 βουστροφηδόν
1403 2438 1569 2481 exarati
1584 2437 1732 2481 lectio-

182 2519 280 2549 nem
306 2504 647 2559 (Savelsbergius
667 2504 848 2549 coniecit
864 2505 1061 2559 Πλι[ξ]ί).
1106 2505 1247 2559 Quare
1274 2519 1405 2550 causa
1429 2519 1514 2550 non
1541 2505 1635 2561 fuit,
1662 2519 1736 2550 cur

181 2572 238 2616 M.
269 2571 529 2617 Schmidtius
563 2572 750 2628 glossam
783 2586 867 2617 non
907 2577 1157 2630 agnosceret
1192 2573 1269 2618 sed
1297 2574 1558 2619 correctione
1585 2586 1695 2618 sana
1708 2588 1729 2617 r

183 2641 325 2686 vellet.

941 2713 986 2755 Y.

287 2775 420 2831 ‘Yyff
448 2778 571 2818 σῶον.
598 2778 743 2832 reaper
769 2779 946 2833 Κρῆτες.
978 2779 1161 2835 Hesyeh.
1204 2780 1369 2834 Κρῆτες
1387 2781 1445 2824 ad
1459 2782 1735 2839 posteriorem

181 2843 308 2889 modo
333 2844 664 2902 explicationem
688 2846 885 2904 pertinet.
