1964 3184
841 129 1108 168 ...25-..

307 230 461 284 ἅπας·
488 236 616 289 χαλκῆ
645 236 784 288 λαμπρ
814 234 838 274 ὁ·
867 234 1041 287 Κρῧτες.
1069 234 1252 290 Hesych.
1295 234 1449 278 Glossa
1475 233 1655 277 obscura
1684 237 1749 276 est

199 302 495 358 quaequevix
524 301 852 357 explicationem
880 301 1104 344 inventura
1131 302 1197 344 sit.
1254 302 1515 345 Voretzschii
1536 302 1748 344 sententia

199 370 271 425 qui
300 384 377 427 pro
407 365 511 424 ἥβης
538 369 677 413 efferri
705 371 849 424 putat,
879 372 992 411 certo
1020 368 1292 412 fundamento
1322 382 1407 412 non
1434 369 1594 412 nititur.

307 435 463 486 οἷπεξέ
466 439 498 489 β
506 451 577 477 αι·
614 436 662 477 τὸ
699 433 931 477 ἀποπατεῖν.
971 436 1144 489 Κρῆτες.
1187 437 1369 493 Hesyeh.
1453 437 1748 480 Voretzsehius

199 518 294 547 cum
329 505 453 546 aliter
496 504 682 558 glossam
719 503 924 557 explicari
962 516 1046 545 non
1085 517 1210 558 posse
1246 500 1419 559 putaret
1451 504 1659 556 ἀπεξέβαι·
1698 506 1746 545 τὸ

199 569 417 623 ἀποπιῑοεΐν
448 570 629 614 correxit
644 573 690 613 ut
718 567 908 621 ἀπεξέβαι
937 570 994 613 sit
1018 583 1094 626 pro
1122 568 1343 612 ἀπεκσεῦαι.
1402 572 1488 615 Sed
1503 573 1602 615 vide
1622 585 1748 627 quam

199 640 363 684 incerta
389 641 476 683 sint
506 640 660 692 omnia,
686 638 845 696 duplex
873 639 1132 694 praepositio
1160 643 1203 681 et
1230 640 1527 694 explicationis
1545 640 1747 683 correctio

201 711 244 752 et
270 706 431 752 formae
457 707 593 764 ipsius
619 706 926 762 interpretatio.
983 706 1140 750 Contra
1169 706 1207 749 si
1226 703 1447 747 ἀποπατεῖν
1463 706 1748 773 retinebimus,

201 775 562 832 praepositionum
604 771 686 815 ἀπό
724 778 766 818 et
798 773 839 814 ἐκ
889 774 1127 820 coniunctio
1170 775 1393 830 aptissima
1430 776 1519 818 erit.
1604 775 1747 818 Manet

202 839 292 895 ἓῇθαι
319 855 448 898 quam
477 841 676 885 infinitivi
704 841 881 884 formam
911 853 1004 884 esse
1033 845 1208 897 oportet.
1265 843 1416 897 Neque
1442 843 1655 886 insolitum
1684 847 1748 886 est

198 911 244 953 in
265 910 529 954 Cretensium
557 910 716 965 lingua,
746 914 792 952 ut
818 910 964 952 aoristi
993 923 1117 964 quem
1145 910 1290 953 dicunt
1315 910 1489 953 secundi
1515 910 1747 954 infinitivus

200 978 246 1020 in
274 993 315 1017 αι
343 978 609 1032 terminetur,
645 977 691 1020 id
720 976 832 1032 quod
867 977 1019 1033 probat
1054 975 1200 1032 ἀφέλαι
1238 978 1280 1021 C.
1306 979 1339 1021 Ι.
1369 980 1495 1031 2557,
1528 981 1574 1020 13
1605 983 1648 1021 et
1678 979 1744 1019 26.

201 1045 287 1089 Sed
316 1046 490 1089 verbum
518 1058 601 1100 quo
630 1045 741 1088 hune
767 1045 1020 1088 infinitivum
1048 1045 1227 1089 referam
1255 1060 1339 1090 non
1367 1047 1548 1090 invenio.
1606 1046 1746 1099 Quare

203 1110 402 1164 ἀπεξεβᾶν
432 1112 700 1156 scribendum
727 1125 819 1157 esse
847 1126 999 1156 censeo
1035 1114 1147 1168 quod
1173 1114 1343 1167 quidem
1372 1116 1427 1157 ab
1454 1114 1552 1167 ἐβᾶν
1580 1115 1749 1158 Cretica

202 1180 337 1224 forma
370 1194 445 1237 pro
481 1180 550 1221 ἐᾶν
590 1180 826 1236 proveniat.
882 1177 952 1221 εὕα
980 1181 1093 1224 enim
1121 1185 1164 1224 et
1192 1178 1337 1223 εὕασον
1375 1196 1450 1238 pro
1481 1180 1525 1222 ἔα
1556 1185 1598 1225 et
1627 1179 1748 1222 ἔασον

204 1249 427 1292 Cretenses
457 1248 618 1291 dixisse
648 1248 877 1302 Gregorius
906 1248 1148 1291 Corinthius
1176 1248 1314 1290 tradit.

310 1313 614 1368 ἀποθυμίω·
654 1312 885 1370 ἀποφαίνω.
928 1317 1102 1371 Κρῆτες.
1151 1315 1335 1371 Hesyeh.
1422 1315 1749 1370 Simplicissima

201 1383 305 1426 mihi
315 1382 482 1426 videtur
495 1395 588 1427 esse
603 1382 725 1426 huius
740 1383 908 1438 glossae
927 1384 1169 1440 explicatio.
1195 1384 1273 1427 Est
1288 1383 1401 1427 enim
1419 1396 1495 1439 pro
1515 1379 1747 1435 ἀποθυμέω

204 1450 250 1493 id
278 1454 343 1494 est
370 1450 513 1505 ,animi
531 1450 784 1493 sententiam
802 1452 1050 1506 proloquor‘.
1107 1452 1295 1503 Quocum
1313 1451 1506 1505 congruit
1529 1448 1748 1504 ἀποφαίνω

205 1531 370 1573 quoque
392 1518 684 1573 interpretatio
703 1531 742 1560 v.
759 1518 954 1561 Batrach.
979 1520 1073 1560 144:
1105 1515 1162 1566 ὥς
1188 1518 1309 1560 εἰπών
1327 1516 1517 1573 ἀπέφηνε.
1573 1534 1586 1557 ι
1611 1522 1751 1560 autem

204 1599 258 1629 ex
286 1601 303 1626 ε
330 1586 376 1628 in
403 1586 571 1629 Cretica
604 1586 752 1640 lingua
778 1598 907 1642 saepe
944 1583 1090 1629 natum
1125 1599 1219 1629 esse
1248 1599 1272 1629 e
1300 1585 1519 1642 permultis
1545 1585 1751 1640 exemplis

204 1656 370 1696 constat
397 1667 433 1696 v.
462 1667 501 1709 p.
538 1655 586 1695 16
613 1666 673 1708 sq.

314 1718 833 1776 ἀποφθαράξασθαι·
888 1722 937 1762 τὸ
971 1727 1058 1770 τοῖς
1094 1723 1323 1776 μυκτῆρσιν
1348 1720 1401 1768 εἰς
1439 1721 1487 1760 tc*
1526 1718 1608 1769 ἔξω
1647 1712 1752 1772 ν’χον

205 1786 410 1842 προέσθαι
440 1787 551 1841 (cod.
580 1790 817 1842 προ.εσθαι,
852 1789 1030 1832 fortasse
1058 1790 1295 1843 προίεσθαι)

315 1853 650 1912 ἀποφλάσαι·
680 1855 934 1912 (ἀποφλᾶσαι
962 1860 1005 1900 et
1019 1857 1222 1912 Hesychii
1250 1856 1384 1901 codex
1406 1860 1448 1899 et
1475 1855 1752 1910 Phavorinus,

207 1924 450 1968 emendavit
483 1924 761 1977 Lobeckius)·
821 1922 1033 1978 ῥογχάσαι.
1086 1925 1248 1978 Κρῆτες
1302 1925 1366 1964 καὶ
1410 1921 1572 1976 Σάμιοι.
1658 1923 1751 1965 Hae

202 1992 371 2047 glossae
399 1992 517 2035 varie
549 1996 735 2035 tentatae
762 1992 818 2034 ab
845 1992 1143 2047 interpretibus
1171 1992 1233 2035 sic
1250 1992 1409 2047 optime
1425 1992 1748 2043 constituentur,

207 2063 253 2102 ut
282 2056 671 2115 ἀποφθαρᾶξασθαι
708 2059 840 2114 (quod
876 2063 989 2103 recte
1025 2060 1083 2102 ad
1119 2064 1284 2114 πταρεῖν
1311 2059 1504 2112 refertur)
1542 2072 1595 2101 ex
1623 2063 1752 2113 poeta

207 2127 391 2182 quodam
418 2127 683 2183 desumptum
712 2127 768 2170 sit
795 2128 918 2182 eique
946 2128 1162 2183 adscripta
1182 2127 1376 2171 vocabuli
1397 2127 1547 2169 similis
1565 2126 1750 2169 notionis

209 2192 449 2249 ἀποφλάσαι
484 2195 799 2251 interpretatio,
840 2195 953 2250 quod
990 2195 1250 2238 Cretensium
1297 2198 1339 2236 et
1375 2194 1613 2236 Samiorum
1646 2197 1749 2236 erat.

209 2259 409 2316 ρογχᾶσαι
437 2261 551 2304 idem
581 2275 674 2305 esse
703 2266 830 2316 atque
856 2260 988 2315 ῥέγχω
1017 2262 1085 2305 vel
1112 2260 1236 2316 ῥέγκω
1265 2265 1455 2317 apparet.
1510 2258 1751 2314 ἀποφλάσαι

209 2332 352 2372 autem
385 2342 414 2371 a
451 2326 595 2384 φλάζω
632 2333 743 2372 recte
774 2330 1013 2372 Lobeckius
1045 2329 1216 2372 deducit
1254 2329 1414 2380 (Rhem.
1449 2343 1491 2384 p.
1523 2331 1590 2383 9),
1633 2329 1753 2371 cuius

209 2396 373 2439 auctior
398 2396 533 2439 forma
559 2387 777 2451 παφλάζω’
791 2410 875 2440 non
902 2411 995 2440 raro
1022 2397 1076 2440 de
1091 2397 1196 2439 mari
1214 2400 1436 2452 spumante
1454 2396 1523 2438 vel
1542 2395 1596 2438 de
1620 2396 1752 2438 animi

210 2463 596 2519 perturbationibus
639 2462 803 2508 dicitur.
861 2466 912 2508 cf.
955 2465 1080 2507 Arist.
1124 2465 1223 2506 Pax.
1266 2465 1366 2505 314:
1415 2461 1644 2519 παφλάζων
1688 2464 1752 2503 καὶ

210 2528 433 2586 κεκραγώς.Δ
471 2531 577 2586 Equ.
611 2533 710 2573 919:
737 2530 839 2586 ἀνὴρ
867 2530 1078 2587 παφλάζει,
1109 2534 1210 2571 παῦε
1237 2529 1334 2571 παῦ’
1359 2530 1571 2585 ὑπερζέων.

317 2594 557 2652 ἄργετος·
587 2597 613 2652 ἦ
641 2595 853 2653 ἄρκευθος.
884 2600 1057 2653 Κρῆτες.
1115 2600 1198 2641 Vix
1215 2599 1340 2641 credo
1356 2595 1525 2652 ἄργετος
1544 2600 1756 2642 Creticam

209 2666 388 2709 formam
422 2679 474 2709 ex
511 2666 676 2721 vulgari
721 2663 922 2721 ἄρκευθος
955 2667 1098 2710 nescio
1143 2679 1229 2721 qua
1274 2667 1488 2709 literarum
1522 2668 1757 2710 mutatione

211 2734 437 2777 exstitisse.
510 2734 640 2777 Nulla
675 2732 787 2775 enim
822 2732 867 2773 in
903 2731 984 2773 hac
1020 2730 1201 2773 dialecto
1236 2731 1432 2786 exempla
1472 2731 1758 2786 inveniuntur,

212 2801 365 2855 quibus
392 2800 590 2858 probetur
614 2804 687 2845 aut
713 2815 736 2840 κ
764 2799 808 2842 in
825 2813 849 2854 y
868 2801 948 2842 'aut
964 2798 999 2837 θ
1031 2797 1075 2840 in
1093 2813 1114 2838 τ
1148 2801 1222 2841 aut
1237 2812 1280 2838 ευ
1312 2797 1357 2840 in
1374 2812 1391 2837 ε
1421 2799 1603 2842 transire
1618 2811 1757 2856 posse.

1466 2882 1488 2911 4
