1964 3184
878 220 1146 261 --16-

235 339 278 364 τε
305 323 369 364 καὶ
389 324 585 378 Κρητικιῖ
589 339 628 372 ς·
658 322 701 364 οἳ
721 323 973 377 ἐξαιροῦντες
998 324 1047 370 τό
1078 340 1092 363 ι
1117 321 1355 365 ἓντάττουσι
1381 327 1428 366 τὸ
1458 343 1491 376 ν,
1519 326 1595 380 τὴν
1610 326 1663 374 εἷς
1680 324 1784 381 πρό-

236 393 355 432 θεσιν
383 391 447 439 {vg
477 390 657 445 λέγοντες
684 391 747 431 καὶ
777 391 825 431 τὸ
857 391 986 438 τιθείς
1013 390 1153 439 τιθένς
1180 407 1214 431 κ.
1243 408 1278 432 τ.
1309 395 1342 432 λ.
1414 392 1582 436 Deinde
1610 393 1783 437 locativi

236 472 360 502 casus
402 459 446 501 in
482 458 853 514 Hierapytniorum
898 458 1046 513 lingua
1086 459 1173 502 tria·
1212 462 1409 517 exempla
1451 465 1631 515 restant,
1674 474 1783 515 quae

235 539 365 582 supra
393 526 609 568 attulimus
638 528 693 580 (p.
724 528 777 577 7).
842 525 1040 568 Fortasse
1071 543 1084 565 ι
1114 540 1280 581 quoque
1307 529 1513 572 vetustius
1541 528 1782 572 habendum

235 598 300 637 est
327 606 454 647 quam
482 608 512 632 ει
541 593 586 634 in
613 593 788 635 vocibus
815 592 962 635 eodem
985 593 1076 635 loco
1093 594 1235 636 allatis
1251 607 1303 636 ex
1321 595 1467 649 lingua
1486 596 1781 650 Gortyniorum

235 658 385 715 ῗρήνας,
416 659 620 708 Βινατιάν,
650 657 859 699 'nieman
917 660 1106 713 Itemque
1141 659 1267 702 facile
1302 661 1613 704 existimaveris
1650 662 1783 704 verba

234 730 278 771 in
309 728 368 768 δω
400 727 601 770 exeuntia
639 726 920 782 antiquiorem
952 740 1055 782 prae
1092 739 1138 770 se
1165 727 1273 770 ferre
1300 728 1486 783 speciem
1514 741 1641 783 quam
1671 741 1780 783 quae

233 798 278 839 in
314 797 371 846 ζω
410 795 682 838 terminentur
729 795 774 837 in
808 794 975 850 vulgari
1021 807 1212 838 sermone
1257 796 1434 852 (quippe
1470 795 1583 851 quod
1620 808 1673 838 ex
1709 795 1779 851 djo

232 868 379 907 natum
421 863 646 914 videatur).
720 863 786 905 Ex
828 863 908 905 hoc
952 876 1107 918 genere
1151 868 1215 906 est
1259 860 1536 917 ἀγκωλιάὸειν·
1582 859 1779 903 ἅλλεσθαι

233 933 398 985 Κρῆτες
426 932 469 973 in
499 931 684 974 Bekkeri
712 931 870 974 Anecd.
902 931 971 974 Gr.
1000 945 1038 986 p.
1069 933 1161 985 327,
1190 934 1213 972 5
1246 944 1383 986 neque
1412 931 1553 974 aliena
1582 929 1780 974 videntur

231 996 500 1054 διαφυλάδων
528 999 573 1040 in
605 998 665 1040 tit.
689 998 734 1040 G.
754 998 787 1040 Ι.
809 999 927 1051 3080,
959 1000 1006 1038 17
1035 1002 1078 1040 et
1104 996 1352 1052 διαφυλάδεν
1365 998 1581 1040 Boeckhio
1609 1002 1777 1041 auctore

231 1069 350 1120 3050,
371 1069 412 1106 11
436 1066 515 1117 (tit.
532 1064 866 1117 AIAEYAAE)
886 1065 937 1107 cf.
959 1066 1088 1108 etiam
1102 1066 1221 1119 Δῆνα
1240 1072 1316 1120 pro
1332 1067 1447 1118 Ζῆνα
1468 1065 1512 1107 in
1530 1065 1593 1107 tit.
1615 1065 1778 1108 Drerio.

337 1133 469 1175 Multo
495 1132 780 1186 frequentiora
808 1135 906 1174 sunt
935 1132 1254 1187 depravationis
1284 1133 1502 1187 exempla,
1540 1137 1588 1174 ut
1621 1133 1778 1175 assolet

228 1201 273 1243 in
299 1200 484 1242 dialecto
514 1198 609 1241 rudi
648 1211 784 1252 neque
812 1198 896 1241 ullo
925 1198 1141 1241 literarum
1172 1212 1249 1241 usu
1280 1200 1459 1242 exculta.
1514 1199 1570 1241 Et
1596 1199 1777 1255 primum

226 1267 397 1323 quidem
425 1278 738 1320 nonnumquam
768 1278 979 1308 consonae
1006 1270 1148 1309 mutae
1176 1279 1204 1309 a
1230 1267 1417 1321 genuina
1442 1267 1577 1308 forma
1604 1266 1775 1309 descen-

225 1335 388 1378 derunt.
446 1334 541 1385 Qua
579 1332 633 1376 de
668 1333 885 1376 literarum
924 1334 1158 1376 mutatione
1195 1348 1234 1377 v.
1272 1334 1478 1389 imprimis
1520 1332 1777 1376 Voretzschii

225 1401 614 1446 commentariolum
635 1400 689 1443 de
707 1401 982 1456 inscriptione
1002 1401 1169 1444 Cretica
1187 1414 1273 1455 qua
1291 1402 1527 1445 continetur
1540 1401 1774 1457 Lyttiorum

224 1476 267 1514 et
295 1470 559 1515 Olontiorum
589 1468 738 1511 foedus
777 1469 822 1511 in
850 1482 888 1524 p.
922 1472 969 1510 14
998 1482 1109 1524 sqq,
1146 1469 1202 1512 M.
1232 1469 1511 1513 Schmidtium
1539 1469 1584 1511 in
1610 1468 1773 1511 Kuhnii

223 1538 330 1581 diar.
366 1539 475 1591 ΧΠ,
512 1550 553 1591 p.
591 1538 843 1589 216—218,
882 1536 1125 1592 Helbigium
1164 1537 1208 1578 in
1243 1537 1387 1580 libello
1424 1537 1492 1579 cui
1531 1536 1774 1579 inscribitur

227 1606 509 1658 Quaestiones
539 1604 593 1646 de
620 1604 804 1646 dialecto
825 1604 993 1647 Cretica
1010 1618 1051 1659 p.
1077 1607 1123 1645 14
1141 1617 1230 1660 sqq.
1288 1604 1383 1656 Qua
1410 1604 1463 1646 de
1478 1616 1524 1646 re
1542 1604 1621 1646 hoc
1637 1603 1770 1645 solum

223 1673 479 1716 monendum
509 1676 584 1725 est,
612 1672 656 1713 in
685 1671 804 1713 nulla
831 1671 918 1713 alia
946 1671 1129 1714 dialecto
1157 1675 1245 1714 tam
1274 1685 1403 1727 saepe
1420 1672 1499 1714 has
1517 1670 1771 1713 mutationes

222 1740 484 1795 deprehendi
514 1752 642 1793 quam
669 1739 712 1780 in
733 1738 911 1781 Cretica.
966 1739 1115 1793 Neque
1144 1740 1316 1793 gravius
1344 1742 1456 1781 certe
1479 1734 1770 1794 argumentum

220 1820 314 1850 esse
344 1811 485 1863 potest
513 1819 596 1860 quo
614 1805 813 1861 probetur
834 1806 1096 1848 Cretensium
1113 1806 1303 1861 linguam
1319 1819 1395 1861 per
1412 1807 1585 1861 longum
1603 1811 1769 1862 tempus

214 1875 337 1917 nulla
372 1875 553 1917 aliarum
594 1873 785 1927 gentium
823 1873 1126 1916 consuetudine
1164 1878 1206 1916 et
1243 1874 1532 1917 familiaritate
1572 1875 1769 1917 affectam

215 1955 322 1985 esse.
381 1943 571 1996 Itemque
601 1941 723 1983 multi
751 1941 838 1983 iam
867 1941 1257 1984 animadverterunt
1284 1942 1603 1985 assimilationis
1627 1942 1767 1984 studio

213 2009 421 2064 imprimis
457 2009 670 2063 insignem
705 2021 799 2051 esse
829 2009 1040 2052 Creticam
1075 2009 1303 2052 dialectum
1335 2024 1374 2052 v.
1405 2011 1460 2052 M.
1486 2010 1766 2053 Schmidtium

211 2077 239 2120 l.
265 2090 300 2120 c.
331 2091 375 2133 p.
399 2077 490 2119 219.
527 2076 580 2118 H.
601 2075 827 2118 Weberum
860 2076 905 2118 in
929 2076 1079 2118 Philol.
1117 2078 1226 2131 1865,
1255 2091 1297 2131 p.
1320 2079 1411 2118 552.
1450 2077 1766 2119 Voretzschium

209 2145 237 2187 l.
270 2158 305 2187 c.
337 2158 377 2200 p.
409 2146 470 2185 12.
511 2143 757 2198 Helbigium
785 2144 810 2186 l.
839 2158 873 2186 c.
905 2158 943 2199 p.
974 2146 1026 2185 34
1054 2157 1143 2199 sqq.
1200 2146 1250 2187 In
1289 2158 1370 2200 quo
1404 2146 1588 2188 maxime
1614 2145 1764 2187 mirum

210 2216 275 2254 est
303 2212 339 2250 θ
367 2211 641 2265 geminatum.
699 2211 861 2253 Eodem
885 2212 1105 2253 referenda
1120 2217 1217 2254 sunt
1249 2213 1330 2264 τόμ
1359 2213 1535 2252 Ποίτιον
1560 2213 1622 2254 tit.
1642 2213 1763 2256 Drer.

206 2279 232 2321 l.
263 2280 335 2334 23,
372 2279 451 2332 τᾶγ
480 2280 567 2318 Γᾶν
597 2278 622 2320 l.
652 2279 727 2333 31,
765 2276 1000 2332 ὑπεχθήται
1037 2292 1114 2334 pro
1149 2277 1374 2333 ὑπέκθηται
1407 2280 1453 2323 C.
1481 2280 1512 2322 Ι.
1542 2281 1659 2321 2556.
1698 2281 1763 2334 22,

208 2345 459 2400 ἔχφερὲσθαι
487 2346 570 2387 Mn.
605 2346 659 2387 II.
696 2347 743 2398 9,
779 2343 933 2398 ἕγγόνοι
968 2360 1045 2401 pro
1084 2346 1235 2400 ἔκγονοι
1271 2348 1464 2402 saepius,
1501 2348 1634 2389 multa
1675 2348 1763 2389 alia

207 2413 397 2456 eiusdem
424 2414 607 2468 generis
663 2413 832 2456 Deinde
861 2413 1033 2456 horrida
1054 2414 1359 2458 ineruditorum
1380 2414 1595 2457 hominum
1614 2414 1761 2469 lingua

206 2494 487 2524 consonarum
526 2482 899 2537 transpositionem
934 2483 1172 2537 adamavit,
1210 2484 1325 2526 velut
1347 2481 1599 2537 Ἀφορὸίταν
1626 2482 1671 2524 in
1697 2483 1759 2524 tit.

204 2549 322 2592 Drer.
339 2550 366 2591 l.
388 2551 461 2603 26,
492 2547 748 2601 Κυβράντας
768 2549 811 2593 C.
827 2551 859 2592 Ι.
878 2552 998 2603 2254,
1021 2554 1081 2604 14,
1104 2551 1177 2594 ubi
1193 2552 1373 2594 fortasse
1391 2554 1503 2593 recte
1520 2549 1759 2592 Boeckhius

204 2615 462 2670 Κυρβάντας
489 2617 680 2672 scripsit,
713 2615 1001 2671 Φιλόσταρτον
1026 2631 1102 2673 pro
1134 2617 1419 2672 Φιλόστρατον
1446 2618 1491 2660 in
1517 2617 1619 2660 Rev.
1644 2618 1758 2659 arch.

208 2685 321 2724 1867.
351 2685 384 2737 I,
414 2698 453 2738 p.
483 2685 575 2725 268.
606 2684 761 2738 Spratt.
793 2685 878 2726 tab.
906 2686 958 2727 II.
991 2687 1027 2727 9.
1058 2686 1083 2727 l.
1115 2690 1162 2740 5,
1190 2686 1316 2739 πορτί
1340 2686 1525 2740 saepius,
1553 2684 1757 2738 Σίβυρτος

204 2763 279 2806 pro
308 2751 515 2806 Efflpvwg
553 2764 621 2807 ap.
652 2751 798 2807 Steph.
827 2751 926 2806 Byz.
960 2764 991 2794 s.
1021 2766 1058 2794 v.
1115 2753 1181 2795 De
1211 2767 1237 2793 σ
1263 2766 1340 2809 pro
1367 2753 1414 2806 θ,
1452 2766 1475 2803 ρ
1506 2764 1582 2806 pro
1600 2765 1639 2790 -o
1665 2763 1786 2794 suc--

203 2818 381 2862 cedente
424 2820 511 2862 iam
552 2832 682 2875 supra
723 2819 920 2862 diximus.
976 2820 1028 2859 A
1062 2832 1227 2875 quoque
1267 2821 1312 2863 in
1350 2835 1373 2873 ρ
1417 2820 1555 2862 locum
1592 2817 1756 2861 suffecti

205 2898 331 2929 unum
370 2887 609 2943 exemplum
646 2892 787 2931 exstat
824 2884 1048 2942 ἀφαιλήται
1083 2889 1145 2931 tit.
1181 2889 1347 2943 Bergm.
1386 2887 1437 2928 83
1473 2899 1513 2929 v.
1547 2885 1602 2940 gl.
1639 2882 1750 2940 λάκη.
