1964 3184
858 225 1127 266 ,38-

324 329 603 385 κλά[γ]γος·
638 328 752 384 γάλα.
787 333 955 385 Κρῆτες.
986 332 1169 387 Hesych.
1228 332 1420 374 Eandem
1447 345 1595 374 vocem
1621 328 1768 385 κλάγος

216 399 287 441 vel
313 396 485 452 κλάγγος
514 412 608 441 esse
636 404 765 453 atque
790 396 895 452 γάλα
910 414 935 452 γ
949 399 994 441 in
1007 415 1030 438 κ
1044 403 1206 442 mutato
1228 399 1423 454 agnoscit
1437 399 1491 441 Μ.
1508 398 1767 442 Schmidtius

216 465 273 507 ad
303 466 360 519 gl.
399 466 691 519 Καρτεμνίδες.
755 466 962 509 Weberus
999 471 1141 510 autem
1172 467 1326 522 (Etym.
1357 466 1607 510 Untersuch.
1641 479 1683 521 p.
1715 467 1767 505 76

216 536 301 575 not.
331 534 422 587 35),
460 533 528 575 cui
557 533 853 576 Voretzschius
891 534 1121 577 assentitur
1155 534 1344 577 radicem
1372 547 1465 577 esse
1495 535 1570 574 καλ
1596 533 1666 577 vel
1693 534 1768 573 κλα

216 600 285 644 cui
312 599 526 643 candendi
553 601 670 644 notio
697 601 801 645 insit
827 601 963 645 docet.

325 670 601 721 κλαριὶἴται.
639 669 792 712 Athen.
822 670 892 712 VI.
925 671 1003 711 263
1034 670 1107 712 οἱς
1143 671 1313 710 καλοῦσι
1337 668 1380 710 δὲ
1410 667 1447 709 οἱ
1475 669 1639 722 Κρῆτες
1669 668 1769 716 τοὺς

215 734 291 787 μὲν
311 736 417 776 κατὰ
444 733 562 777 πόλιν
582 735 737 785 οἰκέτας
758 733 1067 792 χρυσωνήτους,
1098 734 1348 792 ἀφαμιώτας
1363 734 1406 776 δὲ
1421 736 1520 784 τούς
1536 737 1623 776 κατ’
1643 732 1770 790 ἀγρόν

216 805 272 855 (v.
303 804 358 858 gl.
389 801 678 858 ἀφαμιώτας),
723 804 946 860 ἐγχωρίους
981 804 1057 858 μὲν
1086 801 1225 856 ὄντας,
1272 802 1563 852 δουλωθέντας
1590 802 1633 845 δὲ
1664 803 1768 844 κατὰ

217 868 409 923 πόλεμον.
448 871 515 911 ὁιοὶ
553 872 601 913 τὸ
634 874 899 927 κληρωθῆναι
938 872 981 914 δὲ
1007 870 1234 928 κλαρώτας.
1293 872 1397 916 Poll.
1427 871 1572 915 Onom.
1600 871 1677 914 III.
1706 871 1769 912 83.

216 938 399 981 Bekker.
436 940 594 982 Anecd.
632 955 671 995 p.
705 943 782 981 292
818 941 844 983 1.
875 943 900 982 9
938 942 1028 994 (ubi
1057 941 1165 983 falso
1192 940 1368 993 καροταί
1391 939 1514 992 cod.).
1552 938 1645 982 EM.
1675 941 1767 991 660,

216 1006 280 1048 25.
306 1006 514 1061 Hesych.:
553 1009 759 1061 κλαρῶται
794 1008 963 1056 εἵλωτες.
1034 1008 1081 1050 In
1120 1011 1314 1064 corrupto
1359 1007 1451 1051 loco
1497 1005 1766 1063 etymologici

217 1074 405 1116 Gudiani
434 1076 543 1129 (165,
571 1077 641 1130 58)
670 1076 801 1119 iidem
830 1076 999 1116 πέλαται
1031 1080 1245 1119 vocantur.

325 1143 518 1182 κλεῖδα·
544 1141 815 1196 ὑποδήματος
844 1140 959 1191 εἶδος.
990 1145 1166 1197 Κρῆτες.
1195 1143 1379 1198 Hesych.

323 1211 523 1251 κλεινοί.
577 1211 731 1254 Athen.
759 1212 833 1254 XI.
865 1213 957 1255 782.
998 1206 1062 1252 ὅτι
1083 1211 1223 1251 κλεινοὶ
1253 1209 1434 1264 λέγονται
1463 1209 1575 1263 παρὰ
1609 1209 1768 1263 Κρησὶν

217 1276 253 1317 οἶ
281 1275 486 1331 ἐρώμενοι.
539 1279 676 1323 Strab.
704 1280 757 1322 X.
789 1280 880 1321 484.
909 1279 960 1322 cf.
993 1279 1051 1334 gl.
1080 1276 1283 1334 φιλήτωρ.

319 1344 635 1398 κοδύμαλον.
671 1347 825 1390 Athen.
863 1348 940 1390 III.
976 1348 1041 1388 81.
1082 1347 1131 1388 f.:
1176 1345 1392 1400 Ἑρμῶναξ
1427 1345 1505 1385 δ’ἒν
1545 1347 1768 1399 Κρητικαῖς

215 1410 423 1466 γλώσσαις
459 1411 674 1466 κοδύμαλα
710 1414 928 1455 καλεῖσθαί
950 1429 1053 1469 φησι
1084 1414 1135 1455 τὰ
1164 1410 1364 1455 Κυδώνια
1391 1415 1514 1466 μῆλα.
1562 1411 1769 1465 Πολέμων

214 1481 293 1519 δ’ἐν
320 1480 492 1537 πέμπτῳ
523 1484 607 1522 τιῦν
635 1483 740 1535 πρὸς
775 1482 952 1533 Τίμαιον
983 1478 1143 1529 ἄνθους
1171 1480 1284 1535 γένος
1320 1481 1368 1521 τό
1402 1478 1635 1533 κοδύμαλον
1672 1477 1773 1520 εἶναι’

215 1563 329 1596 τινας
358 1546 531 1603 ἱστορεῖν
552 1551 636 1590 κτλ.

329 1615 699 1671 κοιμητήριον·
728 1618 879 1661 Athen.
909 1619 978 1661 IV.
1013 1620 1087 1659 143
1118 1618 1200 1661 bc:
1242 1617 1314 1657 εἶσὶ
1351 1616 1394 1657 δὲ
1423 1618 1637 1669 πανταχοῦ
1663 1616 1766 1656 κατὰ

216 1684 293 1738 τὴν
312 1682 486 1738 Κρήτην
516 1681 614 1725 οἶκοι
639 1683 714 1725 δύο
743 1690 832 1733 ταῖς
862 1686 1103 1738 συσσιτίαις,
1133 1676 1191 1726 ὧν
1209 1685 1283 1725 τὸν
1304 1684 1379 1737 μὲν
1399 1686 1591 1725 καλοῦσιν
1609 1682 1766 1738 ἀνδρεῖ-

218 1768 284 1802 ον,
327 1753 401 1793 τόν
436 1753 472 1792 δ’
500 1749 644 1803 ἄλλον,
683 1753 723 1793 ἐν
753 1743 786 1809 ᾧ
816 1754 916 1801 τούς
945 1753 1083 1802 ξένους
1110 1753 1366 1806 κομίζουσιν,
1405 1750 1669 1807 κοιμητήριον
1696 1767 1768 1792 κα-

214 1821 367 1860 λοῦσιν.

320 1884 520 1940 κόσμοι.
580 1888 666 1932 Cic.
699 1888 753 1932 de
783 1902 870 1944 rep.
902 1889 952 1931 11.
986 1902 1020 1932 c.
1051 1890 1125 1943 33,
1167 1888 1239 1930 58:
1288 1888 1400 1931 Nam
1429 1887 1557 1931 etiam
1588 1887 1769 1943 Spartae

217 1963 424 2011 regnante
455 1956 732 2013 Theopompo
769 1961 867 1999 sunt
904 1957 1004 1999 item
1042 1957 1228 2012 quinque
1256 1969 1361 2011 quos
1389 1956 1452 1998 illi
1481 1955 1662 2011 ephoros
1693 1969 1766 2011 ap-

212 2023 394 2079 pellant,
426 2024 469 2066 in
500 2024 627 2068 Creta
653 2028 795 2068 autem
822 2024 970 2068 decem
1000 2025 1073 2079 qui
1101 2037 1269 2068 cosmoe
1296 2027 1520 2078 vocantur,
1546 2027 1593 2066 ut
1621 2026 1769 2066 contra

212 2092 433 2135 consulare
472 2093 697 2149 imperium
736 2093 894 2135 tribuni
930 2093 1088 2149 plebis,
1133 2093 1195 2136 sic
1222 2092 1285 2134 illi
1316 2096 1464 2135 contra
1490 2092 1576 2134 vim
1605 2091 1767 2147 regiam

212 2160 442 2202 constituti.
506 2161 572 2203 De
602 2161 801 2203 vocabuli
826 2160 973 2203 formis
1004 2161 1182 2203 Creticis
1209 2175 1248 2202 v.
1274 2173 1315 2215 p.
1344 2160 1379 2200 8.

318 2225 574 2281 κοσύμβη.
600 2225 762 2280 δεσμός.
793 2225 1014 2279 ἀνάδεσμα.
1035 2223 1061 2281 ἢ
1079 2224 1341 2281 ἐγκόμβωμα.
1363 2226 1426 2266 καὶ
1443 2221 1539 2279 ὅπερ
1563 2224 1604 2266 αἱ
1618 2226 1766 2280 Κρῆσ-

211 2311 279 2335 σαι
310 2296 520 2351 (Scaliger
544 2296 606 2339 sio
636 2300 749 2339 recte
779 2310 856 2352 pro
873 2299 1051 2349 κρισσαι)
1082 2297 1297 2350 φοροῦσιν,
1329 2290 1475 2347 ὅμοιον
1500 2292 1763 2351 α’χσ)πιδι’σκῳ

209 2364 274 2403 καὶ
302 2363 515 2418 περίζωμα
546 2361 780 2417 Αἰγύπτιον
802 2364 867 2403 καὶ
896 2364 943 2403 τὸ
972 2364 1293 2417 ἐγκομβοῧσθαι.

320 2429 570 2471 κόττανα·
611 2427 716 2479 εἶδος
747 2429 883 2472 σύκων
911 2433 1081 2485 μακρῶν
1107 2431 1171 2471 καὶ
1200 2430 1226 2484 ἦ
1256 2430 1466 2485 παρθένος
1489 2430 1599 2483 παρὰ
1628 2430 1766 2484 Κρησὶ

210 2496 400 2541 κοττάνα.
430 2499 613 2554 Hesych.
644 2499 695 2541 cf.
727 2499 879 2542 Athen.
910 2500 986 2542 IX.
1016 2499 1094 2540 285
1124 2512 1151 2541 a
1179 2503 1222 2541 et
1246 2499 1423 2541 Latinas
1448 2498 1606 2541 formas
1636 2501 1766 2541 cotta·
1835 2511 1839 2515 ·
1898 2509 1901 2511 ’

211 2580 311 2609 num
348 2571 392 2610 et
428 2570 671 2621 coctanum,
714 2570 759 2609 ut
797 2566 1104 2610 assimilatione
1141 2566 1405 2623 duplicatum
1441 2582 1465 2606 τ
1502 2569 1638 2609 ortum
1674 2578 1768 2609 esse

211 2638 502 2689 cognoscatur.
556 2635 748 2690 Virginis
772 2635 841 2677 vel
859 2634 1079 2677 Minervae
1103 2634 1457 2690 significationem
1483 2631 1662 2674 κοττάνα
1684 2646 1767 2688 quo

210 2701 389 2745 referam
417 2703 574 2747 nescio.

319 2768 534 2824 κράνον·
564 2772 612 2811 τὸ
641 2768 817 2824 κράνιον.
849 2772 1059 2824 (Κρῆτες).
1089 2771 1216 2826 Greg.
1248 2771 1342 2814 Cor.

322 2840 436 2891 κρῦ·
468 2839 521 2879 τὰ
549 2838 660 2892 κρέα,
685 2839 815 2881 Falso
843 2838 946 2881 solis
962 2838 1234 2881 Cretensibus
1257 2838 1454 2881 tribuitur
1482 2851 1510 2880 a
1527 2838 1655 2892 Greg.
1672 2837 1765 2881 Gor.

321 2906 513 2961 κρίκον·
538 2907 613 2948 τὸν
638 2906 782 2961 κίρκον.
813 2907 1023 2961 (Κρῖτες).
1060 2907 1187 2962 Greg.
1220 2906 1314 2950 Gor.
1342 2920 1381 2949 V.
1413 2919 1454 2961 p.
1487 2907 1547 2948 15.
