1964 3184
854 155 1121 196 ...13-

217 263 440 307 Cretenses
466 262 747 305 inveniantur.
803 260 859 303 Et
895 260 1076 316 primum
1115 257 1287 314 quidem
1315 272 1370 298 σσ
1408 271 1485 314 pro
1523 258 1706 315 simplici
1735 275 1762 300 σ

214 327 374 374 dictum
403 333 468 373 est
495 330 640 373 Ionico
670 342 784 371 more
820 329 865 370 in
906 323 1012 368 ὅσσα
1048 327 1276 381 vocabulo,
1314 326 1428 381 quod
1457 330 1597 368 exstat
1624 327 1669 369 in
1699 328 1760 369 tit.

214 398 333 441 Drer.
367 399 454 440 118.
510 397 697 450 Itemque
723 411 776 435 πτ
806 396 851 437 in
874 395 995 438 initio
1020 395 1242 438 verborum
1271 407 1562 449 nonnusquam
1590 394 1760 437 obviam

213 464 260 505 fit
295 464 362 506 his
389 463 511 505 locis:
549 461 738 514 πτολέμω
769 462 814 505 C.
845 462 878 504 I.
906 463 1023 502 2554.
1067 463 1153 503 197.
1219 461 1463 508 Πτολιόικος
1503 461 1547 503 in
1589 475 1759 504 nummo

213 544 282 586 ap.
311 530 467 574 Mionn.
497 530 550 572 11.
580 543 621 585 p.
650 530 739 571 262.
770 530 834 572 27.
870 532 913 572 et
939 530 1161 569 Πτολοστο
1191 529 1245 581 (Ῥ)
1280 528 1385 571 ibid.
1414 529 1477 571 28.
1541 528 1711 571 Deinde
1741 543 1758 568 ε

214 597 487 652 productione
514 597 774 652 suppletoria
812 597 859 638 in
887 612 918 636 ει
946 596 1256 650 diphthongum
1284 597 1452 638 transiit
1476 597 1521 638 in
1550 596 1758 639 vocabulo

215 665 451 719 πρείγιστος.
504 663 627 717 Quod
663 664 933 708 manifestum
971 667 1036 707 est
1070 676 1152 706 non
1192 676 1244 705 ex
1283 663 1370 705 alia
1411 663 1594 707 dialecto
1627 667 1760 707 trans-

213 733 345 775 latum
373 745 480 786 esse,
506 733 704 786 quoniam
725 732 987 778 Cretensium
1008 731 1224 786 proprium
1246 734 1310 773 est
1329 731 1453 773 huius
1471 731 1760 785 productionis

213 799 500 855 suppletoriae
533 811 667 853 genus
702 798 816 854 quod
851 797 899 841 fit
926 814 938 837 ι
969 797 1180 849 adiuncto.
1234 796 1300 839 De
1336 810 1417 852 quo
1457 803 1605 853 post-ea
1641 798 1758 840 vide-

213 866 362 910 bimus.
418 866 664 923 Imperativi
700 866 863 922 passivi
903 865 1028 908 tertia
1065 878 1245 921 persona
1282 865 1456 920 pluralis
1495 865 1561 908 bis
1597 866 1686 908 exit
1715 865 1759 907 in

213 936 408 986 σθωσαν,
447 934 493 980 id
521 934 634 990 quod
658 934 785 978 etiam
821 934 866 976 in
895 933 1074 977 aliarum
1102 933 1350 976 Doricarum
1388 933 1663 976 dialectorum
1695 946 1757 976 re-

212 1002 467 1045 centioribus
499 1002 631 1045 titulis
668 1016 752 1046 non
782 1002 911 1058 plane
945 1002 1190 1044 inusitatum
1227 1005 1309 1055 est,
1347 1001 1391 1043 in
1419 1001 1627 1045 vocabulo
1656 1001 1758 1041 ὁάσ-

213 1066 447 1109 σάσθωσαν
472 1070 515 1111 in
545 1070 606 1112 tit.
624 1070 743 1112 Drer.
777 1071 851 1110 125
882 1073 924 1112 et
947 1071 1033 1110 134.
1094 1068 1257 1110 Eadem
1284 1069 1370 1111 fere
1399 1073 1462 1111 est
1489 1069 1596 1111 ratio
1620 1068 1757 1110 dativi

212 1136 387 1191 pluralis
424 1137 467 1178 in
506 1152 571 1176 σιν
608 1136 842 1190 terminati,
878 1135 1035 1191 quippe
1074 1149 1156 1189 quo
1191 1139 1232 1177 et
1259 1135 1538 1190 Epicharmus
1579 1140 1621 1178 et
1657 1149 1758 1178 non·

213 1203 352 1246 nullae
377 1204 550 1246 Doridis
580 1203 934 1258 septentrionalis,
963 1203 999 1245 si
1029 1203 1090 1245 ita
1116 1202 1256 1245 dicere
1282 1203 1392 1255 licet,
1421 1207 1569 1257 gentes
1597 1203 1757 1257 aliquo-

211 1270 321 1313 tiens
358 1270 424 1313 usi
460 1274 556 1313 sunt
595 1270 788 1322 (Ahrens.
827 1270 867 1312 d.
898 1270 938 1312 d.
963 1270 1015 1312 D.
1056 1284 1096 1325 p.
1129 1271 1237 1322 229).
1295 1270 1349 1312 Et
1384 1270 1499 1326 apud
1537 1270 1760 1314 Cretenses

211 1338 380 1392 quidem
408 1335 661 1392 ἑταιρειάισιν
687 1338 898 1380 invenitur
931 1338 974 1379 in
1006 1338 1069 1381 tit.
1086 1338 1205 1380 Drer.
1242 1339 1312 1378 124
1337 1342 1380 1381 et
1398 1333 1471 1379 '135
1498 1343 1540 1381 et
1561 1335 1758 1391 θητευόν-

210 1419 345 1446 τεσσιν
383 1406 426 1448 in
462 1405 726 1461 Epimenidis
763 1405 946 1461 epistula
981 1405 1038 1447 ad
1075 1405 1283 1449 Solonem.
1340 1404 1501 1448 Eodem
1539 1405 1758 1448 referenda

211 1477 275 1515 est
302 1473 430 1514 etiam
468 1472 602 1515 forma
629 1474 810 1527 genitivi
848 1474 1075 1528 singularis
1105 1474 1276 1528 primae
1316 1474 1614 1516 declinationis
1655 1487 1758 1516 sane

209 1539 417 1583 mirabilis
444 1537 639 1580 Βιὸἀτάω
670 1540 715 1582 in
743 1540 805 1582 tit.
836 1541 1000 1595 Bergm.
1032 1540 1057 1583 l.
1088 1542 1161 1594 23,
1197 1553 1323 1595 quam
1357 1553 1562 1582 summam
1602 1540 1757 1583 habere

209 1607 331 1650 vides
359 1607 653 1661 cognationem
680 1621 775 1651 cum
803 1622 854 1650 ea
883 1622 992 1662 quae
1020 1609 1062 1649 in
1093 1608 1321 1650 vetustiore
1344 1607 1447 1650 Iade
1463 1609 1588 1651 solita
1606 1612 1671 1650 est
1690 1624 1756 1647 αο.

210 1674 260 1715 Id
286 1674 418 1716 solum
449 1674 645 1729 interest,
681 1675 793 1728 quod
823 1679 999 1729 utraque
1043 1688 1095 1716 ex
1124 1690 1198 1722 αος
1225 1679 1327 1716 nata
1356 1679 1439 1728 est,
1473 1675 1548 1717 sed
1575 1676 1619 1716 in
1650 1690 1702 1715 αο
1733 1690 1760 1714 σ

209 1742 324 1785 nullo
356 1742 648 1798 supplemento
675 1742 815 1798 periit,
845 1742 890 1785 in
920 1758 981 1783 αω
1014 1759 1046 1782 ω
1078 1742 1235 1785 factum
1265 1747 1329 1785 est
1354 1756 1407 1786 ex
1434 1757 1455 1782 ο
1483 1742 1758 1799 productione

208 1811 479 1866 suppletoria.
537 1810 710 1853 Prorsus
734 1811 914 1852 similem
936 1810 1091 1853 deinde
1115 1811 1321 1853 rationem
1344 1810 1561 1864 utriusque
1584 1809 1757 1852 dialecti

207 1877 445 1920 invenimus
472 1877 515 1918 in
543 1892 559 1916 ε
588 1877 655 1919 vel
685 1893 711 1916 α
739 1881 838 1920 ante
867 1878 1082 1932 digamma
1110 1877 1435 1932 praeponendis.
1501 1879 1612 1920 Nam
1642 1877 1755 1931 quod

208 1946 252 1987 in
291 1945 438 1999 lingua
474 1944 597 1999 epica
634 1957 759 1998 quam
796 1958 888 1987 esse
924 1945 1068 1987 volunt
1109 1943 1225 1998 ἐέρση
1261 1949 1344 1998 est,
1383 1945 1498 2000 apud
1534 1945 1756 1987 Cretenses

208 2009 335 2067 ἄερσα
364 2012 504 2055 sonuit
520 2012 732 2067 Hesychio
760 2014 950 2054 auctore:
979 2008 1150 2065 ἄερσαν·
1181 2013 1255 2064 τὴν
1280 2010 1443 2065 δρόσον.
1475 2014 1648 2065 Κρῆτες.
1706 2013 1755 2054 In

207 2079 330 2121 huius
360 2094 386 2117 α
414 2078 551 2120 locum
585 2078 809 2121 succedere
844 2079 973 2120 etiam
1005 2083 1145 2134 potest
1176 2094 1209 2121 0.
1266 2080 1335 2121 Ad
1366 2080 1553 2123 eiusdem
1582 2081 1755 2134 linguae

207 2146 356 2203 epicae
385 2144 704 2189 similitudinem
742 2146 934 2203 proxime
961 2146 1168 2190 accedunt
1207 2147 1352 2190 aoristi
1380 2147 1502 2190 mixti
1530 2160 1654 2202 quem
1681 2160 1754 2204 ap-

205 2215 368 2271 pellant
404 2214 609 2268 reliquiae
648 2227 758 2269 quae
797 2214 841 2255 in
873 2214 1041 2257 Cretica
1078 2214 1259 2257 dialecto
1297 2219 1479 2257 exstant.
1535 2216 1612 2258 Est
1641 2216 1753 2258 enim

206 2280 354 2338 ἀφέλαι
391 2281 437 2324 in
472 2281 535 2324 tit.
575 2281 619 2324 C.
648 2282 681 2324 Ι.
709 2282 827 2324 2557.
859 2283 918 2325 13.
949 2283 1013 2324 26.
1050 2296 1125 2338 pro
1154 2280 1314 2337 ἀφελεῖν
1350 2286 1393 2326 et
1429 2282 1544 2326 haud
1578 2283 1666 2326 scio
1694 2296 1750 2325 an

207 2350 355 2393 eodem
392 2349 517 2392 modo
550 2349 805 2404 explicanda
842 2350 897 2391 sit
934 2349 1068 2393 forma
1106 2351 1142 2392 si
1173 2354 1285 2393 recte
1313 2351 1535 2393 exhibetur
1560 2351 1604 2392 in
1633 2351 1754 2393 titulo

205 2417 445 2472 παρισχαίεν
472 2417 517 2460 C.
543 2417 576 2459 Ι.
606 2418 723 2458 2556.
749 2418 811 2459 31.
837 2443 887 2448 -
928 2418 1037 2460 Tum
1065 2432 1320 2474 quamquam
1338 2418 1535 2461 Doricam
1566 2418 1754 2472 linguam

207 2500 232 2524 τ
260 2488 359 2526 ante
391 2501 402 2523 ι
427 2484 586 2526 diutius
613 2484 837 2526 retinuisse
862 2489 1029 2527 constat
1055 2499 1181 2540 quam
1208 2487 1415 2540 reliquae.
1443 2486 1515 2539 qui
1543 2485 1588 2526 in
1614 2500 1640 2524 σ
1665 2499 1741 2527 mu<

206 2555 402 2595 taverunt
438 2550 505 2603 (cf.
540 2548 824 2609 Zotapu‘raog,
858 2552 1096 2605 Μιλατίοι),
1142 2556 1284 2596 tamen
1321 2550 1507 2607 Κρήσιος
1543 2552 1756 2597 invenitur

205 2633 274 2675 ap.
303 2619 449 2674 Steph.
479 2619 580 2673 Byz.
610 2631 642 2661 s.
668 2632 709 2661 v.
736 2616 897 2673 Κρήτη.
955 2621 1200 2676 Eodemque
1228 2623 1411 2677 pertinet
1439 2618 1649 2669 αὗσαύτας
1679 2636 1755 2678 pro

204 2684 414 2735 αὐταύτας
449 2686 493 2731 C.
522 2687 555 2730 I.
585 2687 713 2742 2556,
739 2688 763 2728 5
808 2688 858 2731 cf.
896 2686 954 2744 gl.
982 2689 1186 2745 Hesychii
1223 2681 1309 2737 αῧς.
1367 2688 1450 2732 Sed
1487 2687 1594 2731 haec
1627 2690 1755 2745 paulo

204 2756 430 2799 incertiora
473 2759 581 2798 sunt.
666 2755 735 2798 Ad
776 2756 945 2800 Atticae
982 2759 1154 2813 linguae
1196 2771 1305 2812 quae
1348 2760 1524 2799 vocatur
1565 2759 1756 2813 regulam

202 2824 418 2880 optativus
453 2826 592 2866 exstat
626 2822 826 2867 formatus
868 2822 1024 2879 ἄδικοίη
1070 2826 1115 2868 in
1148 2826 1210 2869 tit.
1240 2825 1285 2869 C.
1315 2825 1350 2868 Ι.
1376 2825 1495 2867 2556.
1526 2827 1599 2879 46,
1636 2826 1756 2871 cuius
