1964 3184
852 190 1121 229 ,-.27...

315 292 557 350 ἀττάρυμ
573 311 620 335 α·
648 292 774 346 πόμα.
807 292 996 349 σόφισμα
1028 293 1245 349 Κρητικόν.
1277 297 1455 351 Hesych.

317 361 509 417 αὕγεΐν·
540 362 680 417 ἀλγεῖν.
715 362 896 418 Hesych.
954 363 1162 407 Creticum
1189 364 1440 407 vocabulum
1469 368 1534 406 est
1556 363 1755 418 quoniam

210 431 334 473 huius
370 432 494 474 unius
534 431 707 473 dialecti
745 431 960 486 proprium
997 436 1061 473 est
1099 434 1149 470 αλ
1180 433 1223 473 in
1253 449 1324 481 av,
1364 435 1404 472 ελ
1433 433 1476 474 in
1503 448 1545 472 w
1577 436 1754 474 mutare.

211 498 316 541 Cum
358 498 470 540 enim
514 499 714 541 usitatum
754 499 810 540 sit
834 498 1102 541 Cretensibus
1146 503 1243 542 ante
1288 501 1353 542 vel
1397 505 1491 555 post
1529 503 1551 539 λ
1588 500 1757 542 vocales
1779 517 1794 527 ·

211 565 443 609 obtundere
470 567 526 619 (v.
549 581 589 621 p.
612 568 679 621 16)
708 570 750 609 et
778 566 1009 609 obtundere
1036 567 1284 621 saepissime
1312 585 1335 607 v
1357 568 1512 611 inserto
1529 568 1597 611 vel
1615 567 1757 610 affixo,

211 633 361 676 mirum
396 646 489 677 esse
528 647 612 676 non
651 634 777 677 debet
817 636 839 673 λ
876 633 1026 675 elisum
1061 635 1246 689 suppleri
1286 650 1309 673 v
1349 636 1484 677 vocali
1524 635 1575 678 cf.
1615 633 1754 674 αι”κάιθ

212 699 410 751 azinium,
439 697 572 754 αὕμα,
604 694 752 751 αὗσος,
784 700 937 751 είθιΐν,
968 699 1202 754 &hym-9111.
1234 717 1272 746 V.
1302 717 1341 758 p.
1378 705 1436 745 17.

320 767 550 821 α(ὕκ)άν·
580 767 714 823 ἀλκήν.
745 771 916 823 Κρῆτες.
948 769 1128 825 Hesyeh.

320 835 565 877 αὖκύονα·
593 835 779 878 οἷλκύονα.
812 838 983 890 Κρῆτες.
1015 838 1195 892 Hesyeh.

320 899 476 956 αὕμα·
507 900 625 958 ἅλμη.
657 904 736 945 ὑπὸ
767 906 956 959 Κρητῶν.
987 906 1165 961 Hesyeh.

322 964 434 1020 αὗς·
476 971 613 1021 αὐτός.
652 975 814 1027 Κρῆτες
850 974 913 1013 καὶ
951 971 1163 1019 Λάκωνες.
1207 973 1387 1028 Hesych.
1467 974 1620 1016 Glossa
1660 975 1757 1029 ipsa

214 1054 307 1083 cum
325 1041 667 1096 probabilitatem
684 1042 840 1084 nullam
868 1042 1023 1084 habeat
1039 1042 1204 1084 Ahrens
1231 1040 1287 1093 (d.
1308 1041 1345 1082 d.
1365 1041 1464 1082 Dor.
1483 1055 1522 1095 p.
1540 1042 1631 1082 247.
1658 1042 1754 1093 272)

214 1112 346 1161 recte,
376 1112 421 1150 ut
449 1108 553 1151 mihi
581 1109 768 1164 videtur,
797 1110 1013 1152 levissima
1039 1111 1270 1152 mutatione
1297 1109 1496 1151 correxit:
1526 1104 1755 1155 αὕσαυτος·

215 1174 339 1224 αὐτός
379 1177 534 1219 collata
571 1177 633 1219 tit.
664 1178 709 1220 G.
747 1178 778 1219 Ι.
820 1179 937 1218 2566.
977 1177 1000 1218 l.
1039 1179 1063 1216 5
1098 1177 1168 1218 ubi
1200 1177 1372 1230 legitur:
1415 1174 1612 1227 εὐξαμένα
1656 1174 1755 1228 ὑπὲρ

214 1241 423 1291 abanim
450 1241 583 1296 εὕχάν.

323 1304 501 1359 αὖσος·
533 1308 668 1359 ἄλσος.
696 1313 868 1364 Κρῆτες.
899 1311 1079 1365 Hesyeh.
1134 1325 1172 1353 V.
1202 1311 1257 1365 gl.
1290 1309 1432 1364 αὐγεΐν.

321 1377 646 1433 ἁφαμιιόται·
697 1378 841 1420 οῗκέτιιι,
888 1377 1086 1432 ἅγροΐκοι,
1150 1378 1336 1431 περίοικοι
1389 1378 1497 1430 (eod.
1541 1376 1758 1432 πάροικοι).

215 1447 397 1503 Hesyeh.
428 1448 475 1489 V.
505 1448 658 1490 Athen.
689 1447 760 1490 VI.
792 1462 832 1502 p.
861 1449 939 1488 263
968 1447 1016 1488 s.:
1047 1443 1309 1499 Σωσικράτης
1338 1446 1378 1485 ἐν
1406 1444 1581 1502 δευτέρῳ
1604 1447 1760 1499 Κρητι-

215 1517 313 1556 adm·
349 1516 425 1568 τὴν
452 1514 527 1567 μὲν
554 1512 708 1568 κοινήν,
750 1514 869 1568 φησί,
912 1513 1095 1553 (θέοι-’λείαν
1137 1511 1173 1552 οἱ
1205 1514 1363 1566 Κρῆτες
1397 1515 1565 1552 καλοῦσι
1601 1513 1758 1564 μνοίαν,

217 1583 291 1636 τὴν
324 1581 366 1622 δὲ
397 1582 501 1622 ι’ὁιάν
528 1580 800 1637 ἀφαμιώτας,
833 1582 931 1629 τοὺς
963 1580 1004 1620 δὲ
1040 1580 1264 1633 περιοίκους
1304 1578 1505 1633 ὑπηκόους
1545 1580 1594 1623 ef.
1622 1581 1761 1624 Strab.

217 1650 307 1692 XV.
343 1651 434 1691 701.
469 1650 566 1691 XII.
606 1651 696 1691 542.
763 1648 1052 1691 Derivandum
1089 1652 1152 1690 est
1188 1648 1439 1689 vocabulum
1477 1648 1531 1690 ab
1568 1646 1761 1701 α’φαμιίιι·

218 1714 340 1770 ἀγροί
362 1716 543 1772 HeSyeh.
574 1729 683 1771 quae
712 1731 795 1759 VOX
825 1716 952 1759 etiam
980 1715 1147 1769 ἕφημιίιι,
1176 1718 1309 1757 sonat.

324 1781 480 1824 αὖτεῖ·
513 1784 560 1824 τὸ
598 1781 726 1824 αὐτοῦ
767 1783 965 1837 (Κρὶτες)
1003 1780 1120 1823 mite?
1141 1783 1268 1837 Greg.
1296 1782 1389 1826 Cor.
1443 1783 1508 1825 De
1545 1783 1762 1826 adverbiis

216 1852 261 1894 in
293 1868 325 1892 ει
354 1852 645 1895 desinentibus
673 1866 711 1894 V.
742 1848 913 1905 κηρούει.

326 1917 392 1974 ἀφ
407 1918 559 1971 ρατιά
571 1932 608 1967 ς·
639 1916 818 1973 ἰσχυρός.
850 1920 1021 1971 Κρῆτες.
1052 1919 1233 1973 Hesyeh.

325 1986 350 2026 ἀ
356 1984 534 2039 χαιΐνὲ
538 2002 607 2026 αι·
629 1985 772 2039 Ἀχαία
791 1987 900 2040 (ΕΜ
910 1984 957 2027 Ἀ
956 1984 1142 2039 χαιὶνὲαι)
1152 1983 1268 2034 πόλις
1282 1984 1462 2041 Κρήτης,
1482 1986 1524 2027 ἐν
1539 1977 1565 2043 ᾖ
1584 1986 1760 2041 γίνονται

217 2052 414 2108 ιίχαιϊνεάι
451 2054 654 2108 λεγόμεναι
692 2052 852 2108 ἔλαφοι.
909 2054 1047 2097 Schol.
1085 2055 1128 2096 in
1155 2055 1293 2109 Apoll.
1322 2054 1400 2096 Rh.
1431 2055 1506 2096 III.
1540 2057 1626 2096 175.
1681 2056 1759 2098 Re-

218 2122 327 2165 ctius
356 2126 497 2165 tamen
524 2121 766 2164 Hoeckhius
797 2122 926 2175 (Cret.
952 2122 985 2164 I.
1016 2136 1056 2177 p.
1083 2122 1177 2175 430)
1220 2121 1423 2176 Hesychii
1459 2122 1625 2175 glossas
1663 2137 1759 2166 con-

221 2189 335 2232 tulit:
375 2186 525 2242 ἀχαιά·
559 2186 644 2243 ἔρια
670 2189 832 2242 μαλακοὶ
863 2192 905 2232 et
934 2186 1053 2241 ἆχαί·
1091 2190 1245 2243 νεβρῶν
1272 2186 1437 2244 ἐλάφων
1464 2187 1620 2243 ἡλικίαι.
1679 2191 1759 2233 Vo-

221 2257 416 2301 cabulum
451 2260 592 2300 exstat
628 2257 745 2312 apud
780 2258 908 2301 Arist.
946 2258 997 2300 H.
1026 2258 1075 2300 A.
1108 2258 1161 2300 11.
1192 2259 1251 2298 15,
1290 2258 1329 2311 9,
1358 2259 1394 2299 5.
1449 2257 1576 2300 Babr.
1613 2258 1678 2311 95,
1708 2259 1759 2299 87

221 2328 264 2368 et
293 2337 422 2380 saepe
449 2323 565 2381 apud
595 2324 706 2381 Opp.

330 2389 552 2447 ἄχηρον·
585 2390 739 2448 οἷκρίὸα.
771 2395 945 2449 Κρῆτες.
974 2393 1155 2450 Hesyeh.
1211 2407 1250 2436 V.
1280 2393 1335 2448 gl.
1365 2389 1565 2445 ἄσχέλιον.
1598 2409 1621 2433 κ
1654 2394 1698 2437 in
1731 2410 1761 2447 χ

221 2464 427 2505 mutatum
466 2464 531 2505 est
569 2461 613 2504 vi
649 2476 673 2516 ρ
709 2461 858 2505 literae
904 2475 1013 2518 quae
1051 2475 1134 2505 non
1179 2464 1326 2505 contra
1361 2461 1533 2504 dialecti
1570 2461 1762 2506 Creticae

222 2543 412 2574 normam
439 2521 699 2586 transposita
726 2534 791 2575 est
817 2530 868 2575 cf.
899 2545 939 2587 p.
963 2533 1010 2573 15
1039 2534 1080 2575 et
1106 2529 1239 2584 κίρκον
1267 2544 1343 2585 pro
1372 2529 1505 2584 κρίκον
1523 2530 1650 2587 Greg.
1666 2531 1762 2576 Cor.

223 2594 396 2653 ἅχερὸος
425 2597 608 2652 denique
647 2597 924 2654 productione
960 2599 1220 2655 suppletoria
1252 2598 1443 2641 Creticae
1471 2597 1644 2642 dialecti
1667 2613 1762 2655 pro-

222 2666 317 2723 pria
354 2666 399 2708 in
435 2661 591 2719 ἅχηρος
627 2665 736 2709 abiit
771 2666 823 2710 cf.
861 2668 996 2722 πῆριξ.
1082 2666 1267 2710 Dubium
1302 2669 1442 2709 tamen
1482 2679 1575 2710 esse
1609 2671 1764 2723 potest,

222 2747 324 2777 num
362 2734 502 2789 potius
538 2747 614 2789 pro
649 2730 794 2787 ἀκρίδα
828 2732 993 2789 ἀχράδα
1027 2734 1292 2778 scribendum
1318 2734 1394 2788 sit,
1433 2737 1480 2777 ut
1507 2734 1621 2789 quod
1650 2736 1765 2779 idem

221 2795 444 2858 significet
458 2805 585 2857 atque
612 2796 796 2857 ἄχερδος.

333 2863 559 2922 ἅχνυλα,
595 2867 738 2926 κάρυα.
783 2872 958 2926 Κρῆτες.
997 2872 1177 2928 Hesych.
1240 2871 1462 2926 Helbigius
1498 2872 1671 2925 Quaest.
1711 2875 1767 2920 de

1436 2951 1494 2987 4*
