1964 3184
871 173 1135 213 -35--

977 303 1027 342 H

336 386 432 428 ’Ha
443 389 497 428 ὦ·
524 387 572 428 τὸ
603 384 734 427 εἴωθα
762 386 970 439 (Κρῆτες).
1022 385 1148 440 Greg.
1177 386 1270 428 Cor.

335 448 393 508 ἧς
421 468 497 511 pro
525 447 573 508 ἦν
601 454 709 497 falso
738 454 966 508 Gregorius
997 454 1238 496 Corinthius
1269 454 1539 496 Cretensibus
1566 454 1724 497 tribuit.

977 589 1026 630 Θ.

337 683 538 729 Θάπτα·
559 691 673 740 μυῖα.
704 687 878 741 Κρῆτες.
905 686 1086 742 Hesych.
1142 686 1365 740 Helbigius
1393 686 1563 738 Quaest.
1594 686 1647 729 de
1671 686 1772 729 dial.

226 757 336 799 Cret.
380 769 421 811 p.
452 758 503 796 25
539 753 688 796 θάπτα
724 769 800 810 pro
837 752 973 794 ὁάπτα
1012 755 1169 797 dictum
1206 758 1326 809 putat
1355 758 1400 796 ut
1427 768 1454 797 a
1481 755 1599 797 verbi
1628 752 1771 795 δάπτω

225 822 465 867 deductum.
511 822 590 867 Oui
612 822 854 866 dubitanter
877 823 1095 866 assentior.
1142 822 1253 864 Nam
1275 822 1358 865 tria
1381 823 1550 865 omnino
1578 823 1774 879 exempla

227 895 337 944 sunt,
364 891 518 944 quibus
538 891 563 930 δ
588 891 737 933 literae
762 891 806 932 in
829 893 864 929 θ
891 891 1067 933 mutatio
1096 895 1303 945 appareat
1328 891 1371 932 in
1390 891 1556 933 Cretica
1578 891 1772 940 dialecto,
1822 904 1825 908 ⁴

236 962 282 1001 ut
298 958 522 1014 Helbigius
550 961 692 1014 putat:
724 954 892 1011 ἄχνυλα”
918 955 1063 1012 κάρυα.
1079 958 1251 1011 Κρῆτες.
1283 954 1439 997 θάπτα·
1467 962 1581 1009 μυῖα.
1598 958 1772 1012 Κρῆτες.

230 1025 354 1067 θοιά·
385 1028 522 1081 ζεῦγος
551 1024 745 1080 ἡμιόνων.
805 1027 890 1070 Sed
919 1026 1045 1069 valde
1074 1027 1235 1069 incerta
1264 1030 1362 1069 sunt
1398 1026 1560 1077 omnia,
1592 1040 1691 1069 nam
1721 1026 1774 1069 de

234 1091 392 1149 ἄχνυλα
428 1096 633 1140 vocabulo
672 1109 801 1152 supra
836 1094 926 1138 dixi
955 1108 1090 1149 neque
1120 1092 1221 1135 θοιά
1249 1094 1421 1139 dialecti
1451 1095 1630 1138 alicuius
1658 1095 1773 1138 indi—

229 1164 339 1206 cium
365 1164 507 1207 habet.

335 1230 617 1283 θεμιζέτω·
646 1227 929 1284 μαστιγούτω·
959 1230 1245 1282 νομοθετείτω.
1271 1231 1442 1284 Κρῆτες.
1472 1230 1654 1286 Hesych.
1694 1231 1773 1273 Est

228 1299 307 1352 ,ius
334 1299 530 1354 persequi
560 1299 604 1340 in
633 1298 846 1352 aliquem.‘

337 1365 667 1413 Θεοδαίσιος·
700 1362 922 1413 Διόνυσος.
969 1366 1147 1421 Hesych.
1209 1365 1418 1409 Creticum
1457 1378 1550 1408 esse
1588 1365 1770 1408 vocabu-

210 1434 312 1486 -lum
341 1433 543 1490 probatur
571 1433 614 1476 G.
644 1434 665 1476 I
707 1434 834 1487 2554,
872 1434 935 1476 31,
966 1433 1006 1473 ἐν
1030 1433 1284 1481 Θεοδαισίοις
1312 1438 1355 1476 et
1383 1432 1573 1475 eiusdem
1600 1433 1712 1475 tituli
1744 1433 1769 1474 l.

228 1503 292 1555 79,
320 1501 394 1545 ubi
424 1501 579 1556 legitur
608 1500 880 1553 [Θεο]ὸ“αίσια.

331 1566 575 1622 θεράπων
600 1568 708 1608 ἐστὶν
735 1567 757 1608 ὁ
790 1569 932 1616 σιτίοις
961 1567 1236 1622 προσήκουσιν
1266 1568 1486 1623 ὑπηρετῶν.
1518 1564 1543 1621 ἢ
1572 1565 1770 1622 θεράπων

226 1637 330 1677 κατὰ
347 1636 446 1681 τούς
459 1637 632 1690 Κρῆτας
663 1637 787 1689 ὸηλοΐ,
819 1637 955 1691 φασίν,
986 1638 1133 1677 δοῦλον
1160 1634 1396 1691 ὁπλοφόρον
1414 1637 1591 1679 Phavor.
1619 1650 1660 1691 p.
1679 1637 1769 1678 366.

226 1705 278 1747 cf.
307 1704 496 1747 eiusdem
522 1704 580 1759 gl.
607 1702 772 1758 κήρυκες
801 1718 840 1759 p.
869 1706 947 1746 427
976 1709 1018 1748 et
1044 1705 1245 1759 Hesychii
1270 1705 1455 1759 glossam

333 1770 529 1825 θέραψ·
557 1769 776 1825 θεράπων,
807 1770 974 1823 οἰκέτης,
1007 1772 1177 1826 δοῦλος,
1205 1770 1449 1822 ἀκόλουθος,
1480 1785 1606 1826 quam
1638 1772 1770 1814 Creti—

227 1853 321 1882 cam
346 1852 439 1882 esse
470 1843 647 1882 testatur
678 1839 859 1882 Bekker.
888 1840 1045 1883 Anecd.
1079 1841 1152 1883 III.
1184 1854 1221 1895 p.
1254 1841 1368 1893 1096,
1398 1840 1423 1881 l.
1456 1840 1519 1883 39.
1578 1839 1769 1883 Vocabu—

226 1907 312 1949 lum
341 1906 495 1961 legitur
514 1906 659 1962 Eurip.
689 1907 835 1962 Suppl.
866 1909 943 1948 762
975 1911 1017 1950 et
1043 1908 1226 1962 saepius.

255 1990 258 1994 ’
334 1974 672 2027 θετταλι’[α]ς·
708 1972 902 2028 ὑπόδημα
934 1973 1063 2016 ποιόν.
1103 1976 1275 2028 Κρῆτες.
1317 1975 1499 2031 Hesych.
1569 1975 1770 2022 θετταλίς

227 2042 462 2085 calceorum
486 2055 620 2096 genus
649 2047 902 2085 memoratur
930 2043 1058 2085 etiam
1085 2044 1140 2086 ab
1169 2043 1360 2086 Eustath.
1390 2042 1446 2085 ad
1460 2043 1585 2086 Dion.
1606 2043 1770 2098 Perieg.

226 2112 318 2165 427,
347 2124 374 2152 a
399 2109 592 2166 Lysippo
620 2109 736 2166 apud
763 2110 908 2167 Steph.
938 2111 1053 2167 Byz„
1083 2125 1110 2153 a
1137 2110 1285 2154 Photio
1310 2111 1374 2166 88,
1406 2113 1468 2153 12.

334 2175 651 2232 θεύγεσθαι·
680 2177 915 2233 θέλγεσθαι.
946 2180 1118 2233 Κρῆτες.
1150 2179 1333 2234 Hesych.
1360 2193 1399 2221 V.
1431 2179 1486 2233 gl.
1517 2176 1660 2232 αὖγεῖν.

334 2246 576 2300 θηλειάςε
606 2246 759 2289 Athen.
788 2247 902 2290 XIV.
932 2248 1021 2288 658.
1052 2247 1099 2289 d:
1128 2248 1226 2295 τούς
1258 2246 1301 2287 δὲ
1325 2247 1494 2294 λεπτοὺς
1524 2247 1607 2287 τῶν
1632 2248 1771 2301 τυρῶν

226 2315 289 2354 καὶ
319 2317 477 2361 πλατεῖς
504 2315 666 2367 Κρῆτες
696 2315 861 2367 θηλείας
885 2317 1089 2369 καλοῦσιν,
1122 2311 1178 2363 ὥς
1207 2331 1308 2370 φησι
1335 2314 1535 2362 Σέλευκος.

334 2378 647 2435 θησάμενοι·
679 2380 950 2435 αἰτησάμενοι.
976 2383 1149 2435 Κρῆτες.
1182 2383 1363 2438 Hesyoh.
1406 2383 1558 2425 Glossa
1587 2387 1772 2437 cognata

225 2451 393 2493 videtur
419 2449 637 2493 vocabulis
665 2447 749 2503 θής
778 2454 820 2493 et
847 2448 1010 2503 θητεύω
1038 2447 1370 2503 (θητευόντεσσιν
1400 2451 1445 2493 in
1474 2450 1656 2506 epistola
1669 2450 1771 2507 Epi-

225 2517 433 2571 menidis).

333 2583 531 2639 θιήϊον·
571 2588 685 2626 θεῖον
722 2586 770 2625 τὸ
813 2583 999 2637 ὀρυκτόν.
1041 2587 1215 2639 Κρῆτες.
1255 2587 1437 2641 Hesych.
1495 2586 1635 2630 Notae
1673 2592 1773 2631 sunt

225 2656 340 2695 θεῖον
367 2653 565 2697 vocabuli
591 2653 750 2697 formae
779 2653 927 2709 epicae
955 2652 1089 2693 θέειον
1119 2658 1162 2695 et
1188 2650 1323 2706 θήϊον.

334 2719 464 2770 θιός·
501 2718 611 2769 θεός.
654 2722 827 2775 Κρῆτες.
864 2721 1043 2777 Hesych.
1109 2722 1228 2765 Haec
1262 2723 1460 2765 vocabuli-
1488 2723 1625 2766 forma
1665 2722 1774 2779 θιός,

225 2803 353 2846 quam
392 2789 437 2833 in
476 2789 715 2833 universum
751 2788 988 2845 Hesychius
1029 2789 1303 2834 Cretensibus
1339 2790 1489 2834 tribuit
1533 2804 1586 2835 ex
1630 2805 1775 2836 eorum

224 2871 335 2915 quae
362 2872 473 2903 nunc
501 2862 671 2903 exstant
695 2858 868 2903 dialecti
884 2862 1247 2903 monumentorum
1265 2873 1437 2904 numero
1456 2874 1542 2905 non
1559 2861 1776 2906 invenitur

1448 2941 1504 2975 5*
