1964 3184
868 171 1145 212 -3->

215 292 255 332 p.
276 281 350 320 169
376 284 418 321 et
446 294 486 335 p.
504 282 606 333 2503
638 280 873 321 Voretzseh.
905 280 949 320 in
976 278 1121 321 Jahnii
1151 280 1259 320 Ann.
1287 280 1386 319 1869
1417 292 1457 332 p.
1474 278 1574 331 6793
1602 278 1767 320 Savels-

217 346 331 401 berg.
371 346 473 389 ibid.
507 361 547 401 p.
575 348 691 399 680),
732 346 921 400 linguam
950 346 1154 401 praebeat
1182 345 1308 388 valde
1337 357 1533 400 asperam
1562 357 1699 398 neque
1724 345 1766 386 in

215 414 301 455 ulla
337 427 382 456 re
422 427 448 455 a
489 413 760 455 severissima
787 413 968 460 Doricae
1008 413 1179 466 linguae
1209 413 1343 454 forma
1371 412 1687 464 abhorrentem,
1723 412 1767 453 in

214 480 403 537 eiusdem
427 480 544 523 urbis
577 479 720 533 titulo,
759 479 832 533 qui
870 492 954 522 non
989 479 1051 521 ita
1084 479 1214 522 multo
1252 483 1348 535 post
1385 478 1552 521 videtur
1587 478 1768 534 scriptus

214 560 332 601 esse,
370 547 503 589 multa
530 548 616 589 iam
649 547 895 590 recentioris
933 548 1137 589 sermonis
1165 548 1348 601 vestigia
1377 547 1662 590 inveniuntur.
1719 547 1768 589 In

214 615 335 658 titulo
365 615 478 658 enim
510 620 634 670 quem
657 614 768 670 dico,
792 628 819 657 a
845 615 1112 669 Bergmanno
1141 614 1254 656 edito
1286 614 1625 668 (Brandenburgi
1646 614 1766 665 1861)

214 687 256 725 et
284 681 546 735 Ἶεραπυτνιόι
585 687 725 726 exstat
758 696 833 737 pro
870 696 919 725 eo
957 682 1069 736 quod
1104 683 1304 736 antiquae
1345 682 1516 736 linguae
1544 682 1760 736 proprium

215 753 279 792 est
307 747 603 803 Ἶαραπυτνίοι,
643 753 685 792 et
712 749 979 792 accusativus
1016 749 1190 804 pluralis
1226 753 1268 791 et
1294 749 1339 790 in
1368 763 1435 794 ονς
1464 752 1505 789 61
1534 749 1578 789 111
1610 763 1655 794 ος
1682 752 1763 790 ter-

213 818 418 871 minatur,
465 831 559 860 cum
595 818 639 859 in
677 817 797 859 titulo
846 816 918 858 illo
957 813 1281 870 βουστροφηδόν
1317 815 1474 871 scripto
1513 828 1679 870 semper
1720 831 1765 862 νς

213 887 445 940 usurpetur.
516 883 716 940 Idemque
743 884 787 926 in
820 883 970 927 ceteris
1000 883 1173 926 urbibus
1201 882 1421 938 probabile
1451 886 1514 924 est
1541 881 1764 935 accidisse,

214 952 413 1005 quoniam
442 952 591 995 eodem
616 951 742 994 modo
769 952 1019 994 vetustiores
1045 956 1088 993 et
1109 951 1363 994 recentiores
1386 950 1545 993 formae
1568 949 1766 1002 (Dorieas

214 1019 284 1061 hic
313 1019 425 1069 dico)
456 1019 616 1062 mixtae
650 1022 758 1061 sunt.
811 1018 924 1069 Quid
965 1018 1076 1071 quod
1106 1019 1235 1060 etiam
1266 1018 1447 1060 Doricae
1490 1021 1532 1059 et
1571 1017 1769 1071 vulgares

212 1086 372 1128 formae
402 1085 447 1127 in
473 1085 622 1128 eodem
651 1086 916 1128 titulonullo
947 1085 1189 1129 discrimine
1219 1085 1504 1128 adhibentur?
1559 1084 1764 1128 Luculen-

213 1153 420 1196 tissimum
455 1152 579 1195 huius
615 1154 676 1196 rei
714 1154 951 1209 exemplum
988 1157 1126 1196 exstat
1163 1154 1207 1195 in
1247 1153 1368 1195 titulo
1400 1153 1552 1195 Drerio
1597 1153 1641 1206 (l.
1679 1154 1763 1206 95),

213 1222 286 1263 ubi
322 1222 477 1276 legitur
516 1222 588 1269 τὸς
623 1220 750 1269 αὐτὸς
786 1219 912 1269 θεούς
950 1222 1079 1276 idque
1117 1222 1159 1264 in
1200 1222 1322 1264 titulo
1360 1234 1548 1264 summae
1586 1219 1685 1263 fidei
1726 1225 1768 1263 et

212 1284 346 1332 tanta>
372 1289 648 1344 singularium
675 1289 901 1332 formarum
929 1289 1198 1331 multitudine
1222 1290 1394 1343 insigni,
1421 1293 1465 1331 ut
1493 1289 1566 1330 vix
1595 1288 1768 1331 credere

212 1358 340 1399 liceat
378 1357 488 1399 hanc
531 1357 706 1399 formam
745 1356 915 1399 dicendi
953 1370 1078 1410 quam
1113 1357 1218 1399 vitio
1254 1357 1411 1399 ducunt
1445 1356 1659 1412 lapicidae
1696 1356 1767 1398 tri—

212 1424 423 1467 buendam
465 1437 570 1467 esse.
644 1424 747 1467 Cum
790 1437 889 1465 vero
929 1425 973 1465 in
1013 1424 1146 1466 titulis
1183 1425 1340 1465 multae
1374 1424 1572 1477 vulgares
1607 1424 1767 1466 formae

213 1493 426 1547 legantur,
478 1505 552 1534 638
589 1505 673 1534 11011
710 1492 950 1545 incognitas
990 1505 1126 1547 neque
1163 1492 1387 1534 inusitatas
1423 1492 1554 1534 inisse
1598 1491 1765 1534 illarum

211 1560 375 1604 urbium
406 1558 570 1602 civibus
599 1563 790 1615 apparet.
847 1559 995 1613 Neque
1025 1559 1149 1601 aliter
1177 1559 1268 1601 fieri
1294 1559 1432 1614 potuit
1451 1560 1495 1600 in
1513 1562 1634 1601 tanta
1653 1572 1763 1613 quae

212 1629 297 1671 iam
337 1641 414 1684 per
455 1627 688 1683 compluria
726 1627 897 1670 saecula
939 1631 1030 1670 erat
1056 1628 1225 1671 Atticae
1262 1627 1435 1671 dialecti
1465 1627 1767 1683 dominatione,

212 1696 295 1738 nisi
333 1700 379 1738 ut
418 1708 470 1737 ea
495 1695 643 1749 lingua
670 1708 755 1749 qua
792 1696 919 1738 ceteri
948 1696 1102 1738 Graeci
1129 1696 1174 1737 in
1206 1695 1423 1738 cotidiana
1450 1696 1566 1737 vitae
1596 1709 1767 1738 consue-

213 1764 360 1807 tudine
389 1763 638 1817 utebantur,
675 1763 832 1806 sensim
867 1763 911 1805 in
940 1763 1091 1806 Cretae
1128 1777 1293 1818 quoque
1325 1764 1450 1807 urbes
1485 1764 1687 1820 irreperet
1725 1769 1767 1807 et

212 1832 256 1874 in
298 1831 391 1874 dies
434 1831 561 1873 latius
607 1830 712 1873 fines
753 1830 1011 1873 extenderet.
1081 1831 1200 1883 Quae
1244 1836 1468 1887 postquam
1510 1833 1640 1875 semel
1680 1847 1765 1875 non

212 1900 347 1943 solum
376 1899 582 1953 innotuit,
624 1898 699 1942 sed
737 1899 864 1941 etiam
903 1899 1060 1941 usitata
1100 1899 1213 1942 facta
1252 1904 1337 1955 est,
1377 1899 1528 1942 mirum
1559 1913 1651 1944 6886
1681 1915 1764 1944 non

213 1971 351 2022 potest
381 1967 494 2021 quod
524 1980 612 2008 non.
639 1966 780 2008 subita
809 1967 1041 2009 mutatione
1071 1981 1094 2009 6
1124 1968 1306 2010 dialecto
1334 1968 1378 2009 in
1395 1968 1623 2011 dialectum
1643 1970 1765 2023 quasi

212 2034 535 2078 transsiluerunt
563 2034 798 2087 Cretenses,
829 2033 904 2076 sed
931 2034 1138 2090 paulatim
1168 2048 1195 2076 a
1224 2035 1365 2091 prisca
1382 2035 1556 2078 Doridis
1587 2037 1763 2079 austeri--

212 2107 301 2145 tate
330 2105 603 2144 recesserunt.
660 2102 809 2154 Itaque
848 2101 954 2144 haec
992 2103 1060 2144 vel
1096 2103 1172 2144 illa
1207 2103 1446 2145 terminatio
1476 2117 1764 2158 quaecumque

212 2170 444 2227 asperrime
474 2169 675 2223 sonabat,
704 2168 760 2211 ad
790 2169 959 2212 solitum
986 2170 1218 2213 communis
1246 2170 1417 2226 linguae
1453 2183 1574 2214 usum
1601 2185 1764 2215 accom-

212 2238 386 2280 modata
411 2241 489 2290 est,
516 2251 611 2279 cum
636 2238 681 2278 in
709 2237 816 2291 ipsis
844 2238 1067 2280 verborum
1090 2238 1236 2281 formis
1259 2240 1380 2282 initio
1397 2240 1504 2281 nihil
1519 2244 1763 2297 mutaretur,

213 2323 239 2346 a
266 2305 467 2349 Doricum
504 2304 714 2361 imprimis
754 2305 993 2349 diutissime
1031 2306 1289 2351 retineretur.
1343 2308 1461 2351 Haec
1495 2311 1636 2351 autem
1673 2321 1761 2351 mu-

212 2375 316 2416 tatio
347 2387 439 2416 cum
469 2373 725 2427 principium
764 2375 948 2429 cepisset
984 2376 1040 2418 ab
1069 2376 1240 2418 ineunte
1268 2377 1436 2419 saeculo
1465 2376 1633 2430 quinto,
1669 2391 1761 2432 per-

212 2442 324 2485 fecta
352 2444 417 2484 est
443 2440 629 2484 maxime
665 2441 791 2485 tertio
818 2446 860 2485 et
898 2443 1083 2486 seeundo
1119 2444 1319 2498 saeculis,
1356 2443 1413 2486 ad
1442 2457 1550 2498 quae
1579 2445 1763 2499 plurima

212 2510 387 2552 dialecti
406 2509 598 2552 Creticae
625 2522 735 2563 quae
764 2515 933 2553 exstant
961 2516 1231 2555 monumenta
1261 2512 1480 2555 referenda
1509 2517 1618 2555 sunt.
1675 2513 1763 2556 Sed

211 2581 434 2636 postquam
472 2576 660 2633 vulgaris
699 2590 835 2621 sermo
873 2582 915 2622 et
951 2579 996 2622 in
1032 2580 1147 2623 vitae
1184 2593 1261 2623 usu
1293 2583 1336 2623 et
1363 2580 1408 2622 in
1436 2579 1618 2636 publicis
1646 2584 1689 2623 et
1717 2581 1762 2622 in

212 2647 392 2704 privatis
424 2647 686 2690 documentis
714 2648 828 2691 solus
856 2649 1050 2704 invaluit,
1078 2654 1220 2693 tamen
1246 2663 1299 2692 ne
1327 2649 1558 2705 posteriore
1587 2648 1761 2704 quidem

212 2719 352 2760 aetate
377 2715 603 2759 severioris
621 2715 795 2759 Doridis
822 2718 976 2760 notitia
1004 2717 1120 2774 apud
1138 2718 1305 2773 plebem
1319 2716 1567 2773 praesertim
1586 2717 1760 2761 interiit.

212 2782 279 2827 Et
294 2785 404 2828 inter
430 2784 570 2840 prima
597 2784 768 2839 quidem
798 2787 1090 2830 evanescentis
1120 2787 1286 2843 priscae
1317 2787 1488 2840 linguae
1516 2787 1761 2842 asperitatis

211 2852 396 2907 vestigia
426 2864 478 2895 ea
506 2855 624 2906 sunt,
652 2865 761 2907 quae
789 2853 833 2895 in
862 2855 983 2898 titulo
1012 2855 1291 2912 Hierapytnio
1319 2854 1591 2898 inveniuntur
1613 2855 1698 2898 Mn.
1729 2858 1759 2899 I.

1432 2938 1449 2968 1
1467 2933 1489 2955 διε
