1964 3184
872 160 1140 201 -37-

336 264 517 307 ἴπνοὸό
529 282 648 319 μαν·
699 267 774 320 τὴν
809 266 993 321 φρυγιάν.
1048 267 1218 320 Κρῆτες.
1253 265 1438 321 Hesyoh.
1509 265 1770 308 Vocabulum

228 332 444 377 derivatur
469 333 525 376 ab
554 330 668 381 ἶπνός
696 337 739 376 et
764 332 888 386 δέμω.

337 401 628 454 ἷσομάτωρ·
656 398 680 441 ὅ
709 402 760 455 τῇ
787 398 1016 455 (Δή)μητρὶ
1044 398 1142 448 ἴσος.
1174 401 1347 453 Κρῆτες.
1374 399 1555 454 Hesych.
1603 398 1673 452 Δη
1701 398 1770 441 de-

229 467 334 510 levit
359 467 649 511 Ruhnkenius.
788 520 791 523 ἢ

340 533 508 576 ἴττον·
534 532 586 575 ἵν.
621 535 795 589 Κρῆτες.
826 535 1015 591 Hesyoh.

974 658 1028 697 K.

337 738 454 788 Καβ
461 740 650 789 βαλεῖν·
684 740 732 779 τὸ
760 741 1009 789 καταβαλεῖν.
1028 740 1154 794 Greg.
1172 740 1265 782 Cor.
1282 738 1543 781 Cretensium
1558 736 1772 791 proprium

231 817 314 847 non
343 809 417 847 est.

337 869 558 924 κάδμος·
599 870 712 926 δόρυ.
744 871 887 928 λόφος.
924 872 1054 922 ἀσπίς.
1086 875 1261 929 Κρῆτες.
1318 874 1447 916 Recte
1485 871 1686 926 intelligit
1713 871 1771 913 M.

230 938 489 982 Sehmidtius
527 940 687 983 dietum
724 954 816 984 esse
851 941 905 983 de
940 946 1089 984 ornatu
1123 942 1272 985 bellico
1301 955 1329 982 a
1350 946 1459 983 *voce
1486 938 1677 990 καίνυμαι
1704 938 1772 980 vel

229 1002 338 1056 κάζω
371 1005 596 1061 (κέκαὸμαι)
620 1008 868 1063 derivatum,
897 1008 1008 1053 unde
1040 1010 1166 1053 etiam
1198 1006 1353 1062 κόσμος
1381 1011 1526 1050 natum
1554 1007 1621 1049 sit.

337 1076 637 1115 καλεῦνται·
665 1078 881 1117 καλοῦνται
910 1078 1119 1130 (Κρῆτες).
1158 1076 1339 1119 Gramm.
1366 1076 1535 1119 Meerm.
1563 1074 1614 1118 cf.
1644 1074 1771 1127 Greg-

234 1142 325 1185 Cor.
359 1140 643 1198 Θεόφραστος,
671 1144 918 1198 Θευκυόίὸης
947 1145 1115 1188 Cretica
1145 1157 1239 1186 esse
1264 1148 1497 1187 testantem.
1554 1141 1641 1186 Sed
1670 1154 1770 1183 vere

232 1209 400 1253 Cretica
424 1225 476 1253 ea
504 1225 587 1254 non
618 1225 710 1255 esse
741 1217 919 1269 apparet
948 1226 1001 1254 ex
1032 1212 1085 1254 iis
1115 1224 1224 1267 quae
1252 1211 1343 1254 dixi
1359 1211 1413 1254 de
1432 1211 1513 1254 hae
1531 1208 1767 1265 Cyrenaica

232 1278 516 1320 contractione
544 1292 586 1333 p.
617 1280 677 1320 18.

336 1343 522 1397 καμάν·
554 1346 627 1385 τόν
653 1343 790 1400 ἀγρόν.
810 1347 982 1400 Κρῆτες.
1004 1346 1186 1401 Hesych.
1226 1346 1305 1389 Pro
1331 1342 1450 1398 χαμά
1473 1345 1640 1389 videtur
1667 1357 1775 1398 esse,

231 1424 258 1452 a
284 1424 366 1465 quo
392 1409 551 1464 χαμᾶζε
581 1417 624 1455 et
649 1410 867 1465 χαμάνδις.

338 1477 561 1532 καρανώ·
602 1480 677 1533 τὴν
713 1477 818 1534 αἶγα.
856 1482 1028 1535 Κρῆτες.
1069 1481 1250 1537 Hesyssh.
1292 1481 1341 1523 cf.
1381 1478 1508 1534 κάρα·
1540 1479 1565 1533 ἡ
1597 1481 1662 1528 αἲξ
1692 1478 1772 1519 ὑπὸ

234 1547 479 1599 Γορτυνίων.
508 1548 689 1603 Hesych-

339 1613 584 1670 καρορύς·
609 1610 726 1670 ὕδρα.
764 1618 932 1671 Κρῆτές.
962 1617 1142 1673 Hesych.
1196 1617 1349 1661 GlOSSa
1375 1616 1554 1659 obscura
1583 1627 1775 1671 quaeque

230 1681 422 1724 ordinem
449 1683 689 1726 confundat.

338 1750 417 1789 Ka
461 1751 711 1803 τεμνίὸες·
742 1752 914 1805 (rectius
942 1753 996 1795 M.
1026 1751 1286 1796 Schmidtius
1320 1750 1596 1805 Καρτεμνίὸαι
1624 1758 1774 1806 propo-

230 1817 309 1869 nit)
336 1816 373 1857 οἱ
410 1765 637 1873 Ιῖορτύνιοι.
671 1821 844 1875 Κρῆτες.
874 1821 1054 1876 Hesych.
1083 1835 1121 1863 v.
1150 1820 1208 1863 ad
1233 1820 1289 1875 gl.
1318 1816 1492 1860 ἄκαθόν.

338 1883 546 1939 κάρτην·
574 1888 653 1940 τήν
677 1890 793 1939 βοῦν.
824 1890 999 1941 Κρῆτες.
1031 1889 1094 1928 καὶ
1123 1888 1196 1928 τὸν
1217 1886 1369 1940 οἰκέτην
1382 1885 1418 1927 οἱ
1432 1884 1561 1926 αὐτοί.
1592 1886 1774 1940 Hesyoh.

232 1952 463 2007 Utrumque
500 1967 651 1997 censeo
682 1955 738 1997 ad
779 1956 965 1999 radicem
996 1956 1124 1996 KAP
1153 1954 1451 1998 eonferendum
1476 1967 1589 2008 esse,
1633 1967 1660 1995 a
1689 1965 1773 2008 quo

230 2019 380 2073 κραίνω
396 2023 439 2062 et
453 2033 595 2064 creare
622 2026 715 2064 orta
743 2027 852 2076 sunt,
880 2027 925 2065 ut
948 2023 1185 2078 operarium
1210 2022 1279 2064 vel
1295 2022 1532 2076 operariam
1548 2020 1770 2075 significet.

332 2089 560 2141 κεκῆνας·
590 2087 785 2143 λαγωούς.
822 2091 992 2144 Κρῆτες.
1023 2089 1205 2146 Hesych.
1255 2089 1543 2145 Legerlotzius
1572 2102 1599 2131 a
1628 2087 1773 2131 radice

173 2156 176 2159 ’
232 2167 307 2209 eae
335 2155 362 2198 i.
395 2169 428 2199 e.
456 2156 582 2200 salire
610 2157 778 2200 derivat
804 2158 849 2200 in
875 2158 1038 2201 Kuhnii
1063 2162 1171 2200 Ann.
1200 2157 1292 2201 VII.
1324 2171 1363 2212 p.
1393 2158 1484 2199 436.

210 2246 212 2248 -
337 2225 507 2272 κῶνος·
547 2230 683 2274 κεῖνος.
736 2226 858 2270 Hane
889 2226 1066 2269 formam
1085 2225 1278 2268 omnibus
1293 2224 1573 2268 Doriensibus
1591 2237 1771 2268 eommu-

231 2304 327 2333 nem
355 2293 654 2347 grammaticus
681 2294 1049 2336 Meermannianus
1077 2293 1270 2336 Cretibus
1299 2293 1401 2335 solis
1431 2292 1649 2335 adscribit.

335 2357 559 2414 κηρούει·
596 2358 678 2403 ἐκεῖ.
708 2361 880 2415 Κρῆτες.
913 2361 1093 2417 Hesyeh.
1152 2360 1303 2403 Melius
1330 2360 1508 2403 fortasse
1532 2356 1689 2413 κηνούει
1716 2360 1772 2402 le-

230 2427 344 2481 gitur
372 2441 411 2470 v.
428 2427 602 2471 Ahrens.
628 2428 667 2470 d.
696 2428 737 2470 d.
755 2428 853 2471 Dor.
882 2442 921 2483 p.
937 2430 1013 2469 271
1077 2428 1275 2471 Conferre
1303 2428 1416 2471 enim
1443 2428 1543 2471 lieet
1566 2427 1624 2483 gl.
1649 2429 1772 2480 κῆνος

232 2498 274 2537 et
298 2491 428 2547 κηνώ·
468 2494 546 2535 ἐκεῖ
571 2495 686 2551 apud
714 2495 983 2550 Hesychium.
1036 2494 1255 2538 Adverbia
1282 2495 1364 2537 loci
1394 2495 1440 2537 in
1471 2510 1503 2535 ει
1532 2494 1776 2539 desinentia

233 2562 399 2606 Cretica
439 2566 659 2618 praeterea
694 2562 799 2606 haee
838 2563 1129 2605 inveniuntur:
1172 2563 1221 2603 τὸ
1260 2560 1390 2603 αὐτοῦ
1429 2560 1547 2603 aaut
1574 2576 1615 2606 v.
1644 2562 1774 2618 Greg.

232 2631 326 2674 Cor.
362 2634 405 2674 et
439 2628 480 2670 εἶ’
497 2646 559 2671 πει
587 2631 636 2686 ,si
665 2644 747 2685 quo
771 2630 878 2674 1000‘-
907 2630 952 2672 in
981 2631 1043 2673 tit.
1073 2630 1191 2673 Drer.
1219 2630 1244 2672 1.
1281 2631 1367 2672 126.
1425 2630 1604 2674 Multum
1631 2635 1775 2675 tamen

232 2698 294 2741 sic
330 2711 496 2754 quoque
530 2699 574 2741 in
608 2699 742 2742 forma
776 2698 1057 2745 ,dubitationis
1091 2698 1351 2752 relinquitur.
1425 2698 1556 2742 Recte
1594 2699 1776 2743 fortasse

230 2766 525 2810 Voretzsehius
559 2765 614 2810 de
652 2766 776 2810 inser.
814 2766 920 2810 Cret
950 2780 991 2823 p.
1024 2767 1085 2809 14.
1125 2763 1303 2821 κηρούει·
1341 2763 1435 2820 ἠχεῖ
1453 2767 1635 2811 coniecit
1661 2766 1777 2823 quod

230 2833 288 2877 ad
320 2833 506 2879 radicem
533 2850 609 2890 καρ
637 2839 651 2889 (
656 2848 684 2878 a
714 2847 797 2890 quo
823 2835 967 2890 κῆρυξ)
996 2837 1178 2878 revocat.
