1964 3184
846 191 1115 230 ...21-

206 297 326 341 Drer.
352 299 439 340 154.
468 297 525 341 of:
538 295 803 341 Dethierium
829 295 886 340 ad
911 296 975 340 tit.
996 296 1117 341 Drer.
1145 298 1174 340 1.
1198 299 1240 339 11
1264 297 1354 351 (ubi
1383 294 1546 352 α’γελάοι
1571 298 1741 354 legitur)

206 358 316 408 Vide
342 365 398 420 gl.
428 363 638 418 οἷπάγελος.
1769 410 1772 413 ¹

313 430 631 488 ἄγκυρίττει·
666 429 946 485 μεταμέλεται.
972 432 1147 487 Κρῆτες.
1189 432 1242 477 ef.
1275 434 1453 478 Ahrens.
1486 434 1527 477 d.
1568 434 1609 477 d.
1636 435 1754 479 Aeol.

204 515 245 557 p.
281 503 375 542 176:
403 500 557 555 ,Verba
584 500 629 542 in
658 500 715 550 ζω
743 500 909 543 Boeotii
938 499 1164 543 finiverunt
1178 502 1223 544 in
1245 517 1330 543 ττω
1352 503 1538 558 itemque
1561 503 1754 546 Lacones

205 572 252 611 ut
283 567 450 612 videtur
478 568 530 608 ὃὸ
558 568 604 611 in
632 583 681 609 ττ
706 568 930 611 mutantes‘
961 581 1001 611 v.
1030 568 1156 612 Arist.
1186 569 1283 625 Lys.
1316 573 1440 614 1167:
1477 568 1756 624 βλιμάττομες

205 636 298 679 ΕΜ.
330 639 418 691 144,
448 638 520 678 46:
550 633 743 690 ἁρμόζω·
771 632 968 689 ἁρμόττω
990 635 1205 689 Δωρικῶς.
1261 638 1330 680 Ad
1357 640 1483 682 huius
1514 639 1685 693 glossae
1711 643 1757 681 ut

205 703 374 747 videtur
399 717 590 747 normam
614 703 671 746 M.
689 702 949 748 Schmidtius
976 703 1194 757 ὁηρίττειν·
1226 703 1365 758 ἐρίζειν
1389 705 1655 750 Cretensium
1681 706 1756 749 tri-

207 771 299 814 buit
326 771 510 815 dialeoto
537 784 623 814 non
650 769 805 813 idonea
832 770 886 813 de
915 783 1056 814 eausa.

313 838 479 895 ἆγκωλ
492 857 505 880 ι
517 837 579 881 άδ
590 854 681 880 ειν·
701 833 911 880 ἅλλεσθαι·
929 839 1104 895 Κρῆτες.
1124 839 1303 885 Bekker.
1316 840 1475 886 Aneod.
1487 840 1559 885 Gr.
1570 854 1612 897 p.
1622 841 1714 897 327,
1729 843 1754 883 5

206 908 257 951 cf.
294 909 499 964 Hesychii
536 908 593 963 gl.
632 903 907 961 ἀγκωλιάζειν·
956 904 1180 959 ἁλλόμενος
1226 910 1286 965 τῷ
1323 905 1446 964 ἑτέρῳ
1483 908 1591 949 ποδί.
1675 910 1757 952 Illa

204 975 339 1019 forma
374 989 473 1020 vere
506 975 674 1021 Cretica
710 988 803 1019 esse
838 973 1007 1019 videtur
1040 988 1080 1018 v.
1119 973 1391 1031 ὁίιιφυλάδων
1427 979 1470 1020 et
1506 973 1756 1031 διαφυλάδεν

205 1045 248 1086 et
274 1058 421 1087 comm.
451 1058 493 1099 p.
517 1046 577 1086 15.
634 1044 660 1083 δ’
688 1056 764 1098 pro
793 1044 816 1092 ζ
843 1043 1016 1099 saepius
1045 1044 1146 1099 poni
1172 1044 1217 1086 in
1235 1044 1402 1087 Cretica
1420 1044 1568 1098 lingua
1584 1044 1753 1088 demon-

205 1115 360 1155 stratur
396 1111 588 1168 exemplo
634 1110 963 1167 locupletissimo
1002 1110 1122 1151 Δῖινα
1164 1124 1241 1167 pro
1280 1113 1397 1166 Ζῆνα
1446 1112 1491 1155 in
1534 1112 1595 1155 tit.
1631 1112 1753 1156 Drer.

205 1180 232 1222 l.
269 1181 313 1221 16
342 1183 385 1223 et
415 1182 476 1221 17.
535 1179 795 1222 Vocabulum
824 1176 1083 1232 dymwzccfflm
1119 1180 1396 1235 compositum
1430 1180 1596 1224 videtur
1622 1194 1675 1224 ex
1704 1177 1754 1221 ἄν

205 1247 391 1300 (Cretica
417 1259 603 1303 syncope
629 1259 706 1303 pro
734 1243 828 1299 ἀνά)
858 1250 900 1290 et
927 1245 1065 1297 κωλία,
1107 1249 1152 1290 ut
1179 1247 1235 1291 sit
1263 1245 1474 1302 ἀναπηδᾶν
1502 1262 1539 1291 v.
1567 1248 1754 1292 Lobeek.

204 1311 327 1360 Proll.
355 1330 396 1372 p.
430 1318 517 1358 134.
573 1316 640 1358 De
678 1315 759 1358 hao
785 1328 890 1359 voce
924 1315 986 1358 sio
1025 1315 1352 1358 existimandum
1392 1320 1457 1360 est
1487 1313 1751 1367 ἀσκωλιάζειν

206 1397 232 1423 σ
258 1383 415 1427 inserto
453 1383 671 1438 vulgarem
707 1382 884 1425 formam
919 1394 1034 1436 esse,
1070 1383 1290 1426 rectiorem
1322 1387 1365 1427 et
1400 1384 1682 1439 antiquiorem
1710 1386 1755 1428 in

205 1451 373 1495 Cretica
411 1451 593 1494 dialecto
637 1453 849 1494 servatam
886 1446 1148 1503 ἀγκωλιάὸειν
1194 1455 1251 1503 (v.
1288 1451 1405 1504 -ὃεν).
1489 1453 1755 1495 Baohmanni

205 1519 363 1563 Aneed.
399 1520 453 1563 II.
491 1533 532 1575 p.
562 1520 653 1572 342,
688 1518 758 1559 13:
797 1514 1076 1567 ἀσκωλιάζειν·
1121 1519 1181 1574 τῷ
1220 1515 1286 1572 ἐφ’
1325 1515 1378 1558 ἑνὶ
1421 1519 1516 1560 ποδὶ
1551 1517 1756 1573 βεβηκότα

208 1583 342 1636 οὕτως
371 1589 586 1637 κινεῖσθαι,
616 1586 663 1627 τὸ
696 1584 743 1625 δέ
769 1584 877 1626 ἐστιν
910 1580 1130 1626 ἅλλεσθαι·
1168 1583 1370 1638 μονόποὸἰ
1397 1586 1475 1639 γὰρ
1507 1587 1550 1627 τί
1573 1583 1672 1628 ἄλλο
1704 1588 1757 1635 εἰς

204 1654 355 1708 κίνησιν
383 1654 646 1708 περιλείπὸιτο
673 1648 699 1706 ἢ
727 1648 943 1703 ἅλλεσθαις
983 1650 1276 1703 ἄσκωλιάζοντι
1316 1646 1389 1695 οὖν
1425 1652 1514 1695 ἀντὶ
1540 1657 1616 1696 τοῦ
1629 1654 1757 1708 μονό-

204 1715 312 1761 norit.
340 1722 447 1764 Plat.
478 1722 609 1765 Gonv.
644 1722 731 1762 190.
760 1721 814 1763 D.
871 1720 978 1763 Inde
1017 1721 1207 1774 sequitur
1242 1722 1372 1764 etiam
1402 1721 1651 1777 ἐπισχύρους
1678 1738 1756 1779 pro

204 1785 444 1842 ἐπικούρους
472 1788 580 1832 falso
609 1788 820 1832 Creticam
845 1788 1032 1843 glossam
1062 1801 1089 1830 a
1116 1788 1170 1830 Μ.
1205 1789 1441 1833 Sohmidtio
1473 1790 1636 1834 haberi.

312 1854 527 1911 ἀγλαόν·
554 1853 778 1911 γλαφυρόν.
808 1857 973 1910 Κρῆτες
998 1856 1062 1896 καὶ
1088 1853 1283 1909 Κύπριοι.
1315 1858 1499 1912 Hesych.

266 1954 271 1959 .
314 1921 595 1979 ἀγλαφόρε,
613 1920 736 1965 ἄσιτε.
754 1925 928 1977 Κρῆτες.
948 1923 1132 1979 Hesyeh.
1162 1923 1316 1966 Glossa
1330 1922 1456 1973 valde
1466 1928 1665 1979 suspecta
1680 1929 1755 1967 est.

312 1990 505 2046 α’γνεῒν·
535 1988 652 2045 ἄγειν.
682 1993 857 2045 Κρῆτες.
887 1990 1074 2046 Hesyeh.
1130 1990 1278 2035 Simile
1308 1994 1372 2034 est
1388 1990 1656 2034 Homericum
1685 2006 1756 2035 vo-

204 2059 400 2103 cabulum
427 2057 569 2113 ἀγινέω
598 2073 638 2101 v.
659 2059 845 2111 *Ahrens
874 2058 915 2100 d.
932 2058 972 2100 d.
989 2058 1090 2101 Dor.
1122 2072 1162 2113 p.
1184 2059 1263 2098 284
1294 2061 1337 2099 et
1365 2058 1556 2101 Curtium
1575 2059 1754 2114 Tempp.

205 2132 247 2171 et
275 2127 418 2171 Modd.
449 2142 490 2184 p.
523 2128 597 2182 79,
623 2127 695 2182 qui
725 2126 968 2183 praesentia
998 2141 1037 2166 νε
1059 2125 1194 2170 literis
1223 2128 1350 2170 aneta
1378 2124 1484 2168 haee
1512 2130 1753 2169 enumerat:

205 2194 402 2249 ἶκνέομαι,
434 2194 714 2248 ὖπισχνέομαι,
743 2193 882 2244 κυνέω,
913 2192 1059 2246 βυνέω,
1091 2191 1245 2245 οἷχνέω,
1275 2192 1446 2233 ἔνδυνέω
1476 2194 1648 2246 (Herod.
1679 2208 1756 2250 pro

204 2262 395 2318 ἕνδύνω),
424 2262 609 2317 πινέομαι
639 2263 856 2320 (Hippoor.
885 2276 961 2319 pro
989 2261 1130 2315 πίνω),
1160 2259 1320 2302 πιτνέω.

311 2330 494 2388 ἀγορά·
540 2329 671 2373 τόπου
711 2327 844 2385 ὄνομα
887 2362 897 2371 .
927 2362 937 2371 .
962 2362 972 2370 .
1004 2362 1014 2371 .
1061 2330 1224 2385 Κρῆτες
1256 2330 1332 2382 τὴν
1371 2328 1577 2382 ἐκκλησίαν
1617 2331 1755 2374 BeRk.

203 2401 363 2446 Aneed.
394 2415 435 2458 p.
463 2402 556 2455 210,
582 2401 745 2442 8-10,
803 2400 946 2452 Quare
972 2399 1139 2444 Cretica
1166 2401 1230 2442 est
1257 2398 1401 2453 glossa
1427 2398 1630 2454 Hesychii

311 2468 534 2523 ἀγορᾶς·
573 2467 778 2521 ἐκκλησίας
815 2464 841 2521 ἢ
878 2466 1102 2522 ῥητορείας.
1141 2463 1230 2507 κατ’
1268 2464 1422 2520 ἀγοράν
1460 2466 1516 2519 ,in
1546 2468 1755 2512 contione‘

204 2541 344 2581 exstat
370 2537 415 2579 in
442 2537 506 2580 tit.
534 2537 648 2580 Gort.
676 2532 1000 2591 βοωστροφηδόν
1026 2535 1192 2579 exarati
1225 2533 1253 2577 l.
1285 2535 1346 2576 12.

311 2603 546 2660 ἀγχίξαι·
587 2604 749 2659 ἐγγίσαι.
793 2605 968 2659 Κρῆτες.
1005 2604 1189 2660 Hesyeh.
1235 2602 1390 2648 Glossa
1423 2602 1479 2646 ab
1517 2598 1613 2657 ἄγχι
1648 2603 1756 2647 deri-

203 2674 348 2718 vanda
374 2678 450 2718 est.

312 2742 527 2795 ἄδαμία·
560 2742 608 2782 τὸ
645 2738 877 2790 οἷὸικάστως
917 2739 1110 2798 φονεύειν.
1143 2742 1318 2795 Κρῆτες.
1362 2739 1545 2794 Hesych.
1603 2739 1759 2784 Glossa

202 2811 383 2855 obseura
408 2814 491 2862 est,
522 2814 568 2854 ut

308 2876 341 2919 οἷ
352 2879 402 2932 δῤ
411 2895 444 2932 μ
452 2875 480 2918 ά
490 2895 512 2919 ν
522 2894 531 2903 ·
562 2873 672 2920 ὅταν.
707 2878 880 2932 Κρῧτες.
