1964 3184
842 143 1110 181 ...15-

282 299 322 358 ξ’.
357 297 401 345 4.
447 297 515 345 De
552 296 607 344 iis
644 310 755 357 quae
792 296 987 344 Creticae
1021 295 1196 344 dialecti
1233 295 1413 357 propria
1452 295 1661 343 videntur.

311 385 401 427 Iam
427 385 484 427 ad
509 387 765 440 postremam
793 386 1122 427 commentarioli
1147 389 1308 440 partem
1331 389 1513 437 transeo,
1542 388 1587 426 ut
1608 388 1745 427 osten-

203 450 302 493 dam
329 464 438 506 quae
467 452 512 493 in
538 451 704 494 Cretica
738 450 920 494 dialecto
950 452 1182 506 singularia
1217 452 1391 506 eiusque
1425 452 1547 494 unius
1572 452 1746 507 propria

201 518 490 564 exhibeantur.
571 518 756 569 Quorum
806 518 887 559 tria
927 519 1154 572 praecipue
1203 532 1359 573 genera
1400 519 1598 562 videntur
1637 532 1744 573 esse,

202 598 329 628 unum
357 586 623 641 antiquitatis
660 585 1020 637 documentorum,
1057 585 1233 628 alterum
1263 585 1580 641 depravationis
1606 599 1743 628 exem-

204 654 385 708 plorum,
424 654 593 697 tertium
621 653 846 696 formarum
875 666 1050 707 quarum
1077 653 1236 696 similes
1263 654 1307 695 in
1334 654 1422 696 alia
1449 654 1631 697 dialecto
1660 668 1745 697 non

201 721 472 764 inveniuntur
498 734 690 776 quaeque
717 724 858 763 tamen
894 733 1030 774 neque
1059 733 1112 762 ex
1141 721 1438 774 antiquissima
1472 723 1645 777 linguae
1671 735 1744 763 na-

202 793 296 831 tura
331 801 467 844 neque
507 802 561 832 ex
589 788 894 844 depravatione
924 788 1109 843 quadam
1138 787 1335 831 videntur
1366 790 1620 844 provenisse.
1678 789 1744 831 Ex

202 870 343 900 eorum
370 858 498 912 igitur
524 870 680 912 genere
709 870 818 911 quae
846 856 998 911 prioris
1027 856 1198 910 linguae
1228 860 1362 899 status
1377 857 1581 911 reliquiae
1603 870 1743 911 super-

201 928 317 979 sunt,
346 924 562 979 digamma
588 928 661 967 est.
718 923 840 975 Quod
868 924 1011 966 nescio
1038 937 1093 965 an
1113 924 1156 965 in
1174 924 1341 966 Cretica
1358 923 1541 966 dialecto
1559 924 1745 966 omnium

201 993 437 1036 diutissime
465 993 723 1036 remanserit.
781 992 892 1034 Nam
929 1005 1014 1034 non
1044 992 1178 1034 solum
1215 992 1259 1033 in
1290 991 1582 1046 antiquissimo
1623 992 1744 1034 titulo

201 1060 406 1116 Gortynio
424 1064 466 1103 et
483 1061 526 1102 in
546 1060 694 1115 primis
713 1063 754 1101 et
776 1059 821 1101 in
839 1058 991 1101 mediis
1010 1059 1228 1101 vocabulis
1248 1062 1386 1101 exstat
1407 1058 1744 1111 (καταΕἱελμένων

198 1128 223 1169 l.
259 1129 308 1169 13
343 1132 386 1178 et
413 1127 717 1168 άποΕείηαθθο
746 1127 773 1169 l.
807 1129 894 1180 11),
932 1127 1170 1178 sedetiam
1209 1126 1253 1168 in
1291 1127 1414 1170 initio
1451 1128 1743 1171 nonnullorum

198 1195 496 1237 vocabulorum
526 1208 658 1249 usque
686 1194 741 1236 ad
764 1195 931 1236 tertium
950 1198 1049 1236 ante
1068 1194 1280 1237 Christum
1299 1194 1512 1236 saeculum
1530 1200 1742 1237 servatum

200 1265 274 1303 est.
357 1261 501 1315 Velut,
546 1265 592 1303 ut
627 1262 867 1304 omittamus
905 1262 1042 1303 locum
1074 1274 1177 1303 sane
1216 1261 1390 1304 dubium
1425 1266 1468 1304 et
1503 1267 1742 1317 corruptum

197 1328 515 1371 FANBAAIE
540 1329 585 1370 in
611 1328 713 1372 Rev.
743 1328 853 1371 arch.
888 1329 1000 1370 1866.
1031 1329 1082 1370 II.
1114 1343 1155 1384 p.
1185 1330 1284 1380 401,
1322 1329 1563 1377 Εικαδιόνος
1589 1330 1745 1384 legitur

198 1396 243 1437 in
271 1396 333 1438 tit.
352 1396 397 1438 C.
417 1397 449 1437 Ι.
474 1397 591 1450 2598,
620 1397 644 1436 2
674 1396 861 1444 Γαυξίων
888 1396 933 1438 in
961 1396 1343 1439 tit.Teio-C1·etico
1363 1397 1549 1439 ineuntis
1568 1397 1743 1439 secundi

198 1463 356 1506 saeculi
392 1463 437 1506 C.
475 1464 507 1504 I.
543 1464 648 1504 3050
695 1466 737 1504 et
764 1463 930 1511 Εαξίων
968 1464 1013 1505 in
1048 1476 1216 1505 nummo
1254 1463 1368 1517 apud
1403 1463 1653 1506 Eckhelium
1688 1464 1743 1506 ΙΙ.

197 1544 238 1585 p.
269 1532 361 1571 305.
390 1531 589 1573 Mionnet.
618 1544 660 1585 p.
689 1531 781 1583 263,
810 1532 874 1570 41.
918 1543 958 1584 p.
990 1530 1081 1582 264,
1110 1531 1174 1570 42.
1238 1530 1425 1583 Itemque
1454 1531 1617 1577 Εαξίων
1644 1531 1743 1573 scri-

197 1597 344 1639 bemus
360 1596 596 1639 Boekhium
624 1596 757 1638 secuti
786 1597 829 1638 O.
847 1597 878 1638 I.
899 1598 1017 1650 3050,
1046 1598 1070 1635 2
1100 1600 1142 1638 et
1158 1596 1347 1644 Γαυξίων
1364 1597 1409 1638 in
1427 1597 1616 1640 eiusdem
1632 1598 1744 1639 tituli

196 1664 222 1705 l.
254 1665 314 1705 13.
345 1666 403 1704 17.
433 1665 504 1717 23;
538 1662 700 1715 Γέλχαν
735 1663 779 1704 in
817 1676 986 1705 nummo
1021 1676 1088 1717 ap.
1132 1663 1331 1705 Mionnet.
1371 1677 1410 1718 p.
1450 1664 1529 1704 289
1566 1678 1607 1705 n.
1645 1666 1743 1716 2463

198 1728 357 1778 Ἐολούς
392 1731 574 1785 denique
602 1731 647 1772 in
684 1731 849 1786 periplo
888 1730 1003 1786 apud
1045 1731 1259 1784 Iriartum,
1304 1730 1377 1773 ubi
1415 1728 1572 1778 Σολούς
1615 1731 1743 1785 vulgo

197 1798 413 1852 scribitur,
449 1802 494 1839 ut
528 1798 573 1839 in
609 1811 816 1841 marmore
854 1798 927 1840 illo
955 1798 1116 1846 Σαξίων
1146 1802 1188 1840 et
1215 1799 1403 1846 Σαυξίων
1431 1799 1661 1853 legebatur.
1689 1824 1742 1829 —

196 1865 364 1909 Deinde
392 1881 442 1905 νσ
473 1865 584 1919 quod
612 1866 741 1907 etiam
757 1866 928 1920 Argivis
956 1866 1001 1907 in
1029 1878 1106 1907 usu
1133 1869 1235 1918 erat,
1263 1865 1394 1908 multo
1418 1869 1560 1908 tamen
1582 1866 1742 1908 diutius

196 1933 418 1975 Cretenses
445 1933 717 1986 retinuerunt,
746 1946 829 1974 non
851 1945 994 1974 omnes
1010 1936 1152 1974 tamen
1172 1932 1249 1973 sed
1267 1933 1559 1975 nonnullarum
1574 1933 1741 1975 urbium

194 1999 358 2041 incolae
386 1999 654 2053 antiquitatis
681 1999 952 2052 tenacissimi,
982 1999 1190 2054 Gortynii,
1220 1999 1359 2053 Vaxii,
1388 1999 1581 2053 Rhaucii,
1608 2000 1738 2042 Lasii.

197 2066 316 2117 Quae
353 2078 630 2109 consonarum
666 2066 904 2116 coniunctio
950 2066 1162 2108 invenitur
1199 2066 1381 2121 primum
1415 2066 1461 2107 in
1497 2067 1741 2109 accusativo

196 2134 349 2188 plurali
376 2138 417 2175 et
446 2134 742 2176 declinationis
768 2134 930 2188 primae
966 2137 1029 2183 (ut
1052 2131 1307 2186 πρειγευτάνς
1345 2133 1390 2175 C.
1419 2134 1452 2175 Ι.
1484 2135 1603 2187 3050,
1629 2136 1671 2185 5)
1700 2138 1743 2175 et

196 2201 406 2243 secundae
434 2203 497 2253 (ut
522 2198 699 2254 κόρμονς
726 2201 772 2242 in
800 2201 862 2243 tit.
886 2201 1051 2254 Bergm.
1080 2200 1105 2241 1.
1134 2202 1203 2251 41)
1233 2204 1276 2242 et
1301 2200 1451 2242 tertiae
1479 2202 1543 2252 (ut
1574 2199 1741 2252 ἐπιβαλ-

196 2264 366 2315 λόντανς
393 2268 438 2309 in
468 2268 530 2309 tit.
560 2268 734 2323 Gortyn.
764 2270 936 2321 βουστρ.
967 2267 1114 2322 scripti
1143 2267 1169 2308 l.
1200 2268 1246 2321 9,
1284 2265 1531 2321 σ]τατήρανς
1561 2268 1605 2309 in
1633 2268 1741 2310 eius-

197 2335 294 2377 dem
320 2335 432 2377 tituli
464 2335 487 2376 l.
522 2337 593 2388 15,
623 2336 829 2388 φοινίκανς
859 2336 903 2377 in
932 2335 995 2376 tit.
1027 2335 1191 2388 Bergm.
1221 2335 1246 2375 l.
1276 2336 1356 2386 23).
1414 2335 1581 2378 Deinde
1610 2334 1739 2378 semel

197 2407 261 2444 est
298 2402 342 2444 in
377 2402 522 2444 dativo
560 2402 734 2457 pluralis
767 2402 916 2444 tertiae
955 2402 1253 2444 declinationis
1280 2400 1563 2456 ἀπογράφονσι
1597 2402 1641 2443 in
1677 2402 1741 2443 tit.

194 2470 359 2524 Bergm.
389 2469 412 2510 l.
442 2471 515 2524 55,
552 2470 617 2512 bis
651 2470 694 2512 in
734 2469 948 2512 femininis
983 2468 1301 2524 participiorum
1332 2466 1597 2522 ὖπαρχόνσας
1634 2468 1680 2511 C.
1710 2468 1741 2510 I.

195 2538 315 2590 3050,
347 2539 395 2579 16
414 2542 457 2580 et
473 2535 839 2591 προϋπαρχόνσ[ας
859 2537 905 2579 O.
922 2537 956 2579 I.
981 2528 1097 2589 3050,
1127 2537 1162 2577 8.
1218 2537 1368 2590 Neque
1387 2537 1527 2578 aliena
1545 2535 1743 2579 videntur

194 2604 402 2647 voeabula
429 2604 642 2658 Πρίανσος
672 2603 800 2658 (quod
828 2606 978 2658 postea
1005 2603 1051 2644 in
1080 2602 1298 2655 Πρίασσος
1326 2604 1394 2646 vel
1423 2602 1627 2656 Πριάισος
1652 2616 1741 2644 mu-

197 2675 330 2713 tatum
357 2674 437 2724 est)
477 2675 519 2714 et
554 2669 712 2718 πάνσας
747 2671 793 2713 C.
823 2671 852 2712 I.
883 2672 1000 2718 3050,
1030 2672 1067 2711 7.
1125 2670 1174 2712 ef.
1208 2670 1346 2713 Schol.
1383 2670 1427 2711 in
1455 2670 1574 2711 Hom.
1606 2670 1655 2711 Π.
1689 2669 1739 2718 Θ,

194 2739 273 2780 448
302 2739 347 2781 in
377 2739 563 2782 Crameri
591 2738 748 2782 Aneed.
781 2738 911 2780 Paris.
931 2738 1005 2780 111.
1035 2752 1076 2793 p.
1098 2739 1171 2778 42:
1200 2735 1351 2778 Ἰστέον
1380 2732 1442 2777 ὅτι
1472 2733 1542 2776 τό·
1574 2734 1637 2777 Οὐ
1666 2736 1740 2788 μὲν

195 2808 281 2859 θην
290 2807 334 2859 (l.
356 2805 404 2847 οὗ
421 2806 578 2860 μέντοι)
594 2804 766 2859 κάμετόν
787 2803 823 2859 γ’
846 2831 895 2836 -
927 2803 975 2846 οὗ
992 2805 1141 2858 μέντοι]
1160 2803 1372 2860 γράφουσί
1385 2819 1487 2852 τινες
1496 2804 1742 2859 Ἀργολικαῖς
