<?xml version="1.0" encoding="UTF-8"?>
<!DOCTYPE html PUBLIC "-//W3C//DTD XHTML 1.0 Transitional//EN"
    "http://www.w3.org/TR/xhtml1/DTD/xhtml1-transitional.dtd">
<html xmlns="http://www.w3.org/1999/xhtml" xml:lang="en" lang="en">
 <head>
  <title>
</title>
<meta http-equiv="Content-Type" content="text/html;charset=utf-8" />
  <meta name='ocr-system' content='tesseract 3.04.00' />
  <meta name='ocr-capabilities' content='ocr_page ocr_carea ocr_par ocr_line ocrx_word'/>
</head>
<body>
  <div class='ocr_page' id='page_1' title='image "./4627208_0036.png"; bbox 0 0 1964 3184; ppageno 0'>
   <div class='ocr_carea' id='block_1_1' title="bbox 845 257 1120 296">
    <p class='ocr_par' dir='ltr' id='par_1_1' title="bbox 845 257 1120 296">
     <span class='ocr_line' id='line_1_1' title="bbox 845 257 1120 296; baseline -0.007 -7"><span class='ocrx_word' id='word_1_1' title='bbox 845 257 1120 296; x_wconf 74' lang='lat'>—22—</span> 
     </span>
    </p>
   </div>
   <div class='ocr_carea' id='block_1_2' title="bbox 199 352 1812 2992">
    <p class='ocr_par' dir='ltr' id='par_1_2' title="bbox 202 352 1754 555">
     <span class='ocr_line' id='line_1_2' title="bbox 308 352 1752 419; baseline -0.006 -13"><span class='ocrx_word' id='word_1_2' title='bbox 308 362 603 412; x_wconf 79' lang='grc' dir='ltr'>Άδιούνιος</span> <span class='ocrx_word' id='word_1_3' title='bbox 632 366 849 419; x_wconf 79' lang='grc' dir='ltr'><em>ταῦρος·</em></span> <span class='ocrx_word' id='word_1_4' title='bbox 892 362 914 403; x_wconf 77' lang='grc' dir='ltr'>ὁ</span> <span class='ocrx_word' id='word_1_5' title='bbox 950 357 1065 416; x_wconf 78' lang='grc' dir='ltr'>ἥλιος</span> <span class='ocrx_word' id='word_1_6' title='bbox 1099 359 1179 401; x_wconf 80' lang='grc' dir='ltr'><strong>ὗπὸ</strong></span> <span class='ocrx_word' id='word_1_7' title='bbox 1214 361 1298 401; x_wconf 81' lang='grc' dir='ltr'><strong>τῶν</strong></span> <span class='ocrx_word' id='word_1_8' title='bbox 1330 359 1513 413; x_wconf 79' lang='grc' dir='ltr'><em>Κρητῶν</em></span> <span class='ocrx_word' id='word_1_9' title='bbox 1550 352 1659 398; x_wconf 76' lang='grc' dir='ltr'>οὕτω</span> <span class='ocrx_word' id='word_1_10' title='bbox 1689 355 1752 398; x_wconf 80' lang='grc' dir='ltr'><strong>λέ-</strong></span> 
     </span>
     <span class='ocr_line' id='line_1_3' title="bbox 202 419 1754 486; baseline -0.004 -14"><span class='ocrx_word' id='word_1_11' title='bbox 202 448 335 484; x_wconf 75' lang='grc' dir='ltr'>γεται·</span> <span class='ocrx_word' id='word_1_12' title='bbox 383 433 486 486; x_wconf 79' lang='grc' dir='ltr'><em>φασὶ</em></span> <span class='ocrx_word' id='word_1_13' title='bbox 528 434 606 486; x_wconf 76' lang='grc' dir='ltr'><strong>γὰρ</strong></span> <span class='ocrx_word' id='word_1_14' title='bbox 644 433 718 484; x_wconf 82' lang='grc' dir='ltr'><strong>τὴν</strong></span> <span class='ocrx_word' id='word_1_15' title='bbox 755 430 872 472; x_wconf 81' lang='grc' dir='ltr'>πόλιν</span> <span class='ocrx_word' id='word_1_16' title='bbox 906 419 1184 482; x_wconf 59' lang='grc' dir='ltr'>μετοικίζονΐα</span> <span class='ocrx_word' id='word_1_17' title='bbox 1225 426 1366 484; x_wconf 79' lang='grc' dir='ltr'><em>ταύρῳ</em></span> <span class='ocrx_word' id='word_1_18' title='bbox 1404 425 1754 480; x_wconf 72' lang='grc' dir='ltr'>προσεικασθέντα</span> 
     </span>
     <span class='ocr_line' id='line_1_4' title="bbox 202 498 1207 555; baseline 0 -16"><span class='ocrx_word' id='word_1_19' title='bbox 202 502 482 554; x_wconf 70' lang='grc' dir='ltr'><strong>προηγεῖσθαι.</strong></span> <span class='ocrx_word' id='word_1_20' title='bbox 539 500 674 542; x_wconf 85' lang='lat' dir='ltr'>Bekk.</span> <span class='ocrx_word' id='word_1_21' title='bbox 703 499 861 543; x_wconf 77' lang='lat' dir='ltr'><strong>Anessd.</strong></span> <span class='ocrx_word' id='word_1_22' title='bbox 892 514 933 555; x_wconf 91' lang='lat' dir='ltr'><strong>p.</strong></span> <span class='ocrx_word' id='word_1_23' title='bbox 964 501 1054 540; x_wconf 81' lang='lat'>344.</span> <span class='ocrx_word' id='word_1_24' title='bbox 1085 498 1111 540; x_wconf 90' lang='lat' dir='ltr'>l.</span> <span class='ocrx_word' id='word_1_25' title='bbox 1151 501 1207 539; x_wconf 85' lang='grc'><strong>10.</strong></span> 
     </span>
    </p>

    <p class='ocr_par' dir='ltr' id='par_1_3' title="bbox 202 562 1754 690">
     <span class='ocr_line' id='line_1_5' title="bbox 313 562 1754 620; baseline -0.001 -14"><span class='ocrx_word' id='word_1_26' title='bbox 313 566 491 607; x_wconf 59' lang='lat' dir='ltr'><strong>dordu-</strong></span> <span class='ocrx_word' id='word_1_27' title='bbox 527 568 574 607; x_wconf 79' lang='grc' dir='ltr'><strong>τὸ</strong></span> <span class='ocrx_word' id='word_1_28' title='bbox 614 565 747 620; x_wconf 76' lang='grc' dir='ltr'>ἁγνόν.</span> <span class='ocrx_word' id='word_1_29' title='bbox 790 569 965 620; x_wconf 67' lang='grc' dir='ltr'><em>Κρῆτες.</em></span> <span class='ocrx_word' id='word_1_30' title='bbox 1001 566 1179 608; x_wconf 88' lang='lat' dir='ltr'><strong>Phavor.</strong></span> <span class='ocrx_word' id='word_1_31' title='bbox 1210 579 1251 620; x_wconf 91' lang='lat' dir='ltr'><strong>p.</strong></span> <span class='ocrx_word' id='word_1_32' title='bbox 1286 567 1345 605; x_wconf 88' lang='lat'>17.</span> <span class='ocrx_word' id='word_1_33' title='bbox 1402 565 1511 607; x_wconf 84' lang='lat' dir='ltr'><strong>Huie</strong></span> <span class='ocrx_word' id='word_1_34' title='bbox 1547 562 1754 606; x_wconf 83' lang='lat' dir='ltr'><strong>vocabulo</strong></span> 
     </span>
     <span class='ocr_line' id='line_1_6' title="bbox 202 631 1585 690; baseline -0.004 -13"><span class='ocrx_word' id='word_1_35' title='bbox 202 639 429 690; x_wconf 79' lang='lat' dir='ltr'><strong>cognatum</strong></span> <span class='ocrx_word' id='word_1_36' title='bbox 457 634 622 678; x_wconf 83' lang='lat' dir='ltr'><strong>videtur</strong></span> <span class='ocrx_word' id='word_1_37' title='bbox 644 633 847 689; x_wconf 77' lang='grc' dir='ltr'><strong>Ἀριάδνη.</strong></span> <span class='ocrx_word' id='word_1_38' title='bbox 876 649 916 677; x_wconf 89' lang='lat' dir='ltr'>v.</span> <span class='ocrx_word' id='word_1_39' title='bbox 943 634 1120 677; x_wconf 88' lang='lat' dir='ltr'><strong>Ahrens.</strong></span> <span class='ocrx_word' id='word_1_40' title='bbox 1152 633 1192 674; x_wconf 91' lang='lat' dir='ltr'>d.</span> <span class='ocrx_word' id='word_1_41' title='bbox 1223 632 1263 674; x_wconf 83' lang='lat' dir='ltr'>d.</span> <span class='ocrx_word' id='word_1_42' title='bbox 1292 632 1392 674; x_wconf 81' lang='lat' dir='ltr'>Dor.</span> <span class='ocrx_word' id='word_1_43' title='bbox 1423 644 1463 686; x_wconf 88' lang='lat' dir='ltr'><strong>p.</strong></span> <span class='ocrx_word' id='word_1_44' title='bbox 1498 631 1585 672; x_wconf 88' lang='lat'>109.</span> 
     </span>
    </p>

    <p class='ocr_par' dir='ltr' id='par_1_4' title="bbox 312 699 1528 758">
     <span class='ocr_line' id='line_1_7' title="bbox 312 699 1528 758; baseline -0.004 -15"><span class='ocrx_word' id='word_1_45' title='bbox 312 700 406 743; x_wconf 67' lang='grc' dir='ltr'><strong>ἄελ.</strong></span> <span class='ocrx_word' id='word_1_46' title='bbox 439 720 515 743; x_wconf 82' lang='grc' dir='ltr'><strong>ον·</strong></span> <span class='ocrx_word' id='word_1_47' title='bbox 545 703 681 744; x_wconf 68' lang='grc' dir='ltr'>ἕωλον.</span> <span class='ocrx_word' id='word_1_48' title='bbox 712 705 882 757; x_wconf 77' lang='grc' dir='ltr'><strong><em>Κρῆτες.</em></strong></span> <span class='ocrx_word' id='word_1_49' title='bbox 913 702 1094 758; x_wconf 85' lang='lat' dir='ltr'><strong>Hesyoh.</strong></span> <span class='ocrx_word' id='word_1_50' title='bbox 1156 701 1310 744; x_wconf 83' lang='lat' dir='ltr'><strong>Glossa</strong></span> <span class='ocrx_word' id='word_1_51' title='bbox 1339 699 1528 742; x_wconf 81' lang='lat' dir='ltr'><strong>obseura.</strong></span> 
     </span>
    </p>

    <p class='ocr_par' dir='ltr' id='par_1_5' title="bbox 203 766 1755 894">
     <span class='ocr_line' id='line_1_8' title="bbox 312 766 1755 825; baseline -0.002 -17"><span class='ocrx_word' id='word_1_52' title='bbox 312 769 571 822; x_wconf 71' lang='grc' dir='ltr'>ἀείρακος.</span> <span class='ocrx_word' id='word_1_53' title='bbox 611 770 636 823; x_wconf 78' lang='grc' dir='ltr'>ἡ</span> <span class='ocrx_word' id='word_1_54' title='bbox 664 769 815 825; x_wconf 69' lang='grc' dir='ltr'>ἔλαφος</span> <span class='ocrx_word' id='word_1_55' title='bbox 844 771 955 823; x_wconf 79' lang='grc' dir='ltr'><em>παρὰ</em></span> <span class='ocrx_word' id='word_1_56' title='bbox 990 767 1177 822; x_wconf 78' lang='grc' dir='ltr'><strong>Κρήταις</strong></span> <span class='ocrx_word' id='word_1_57' title='bbox 1207 768 1262 818; x_wconf 68' lang='lat' dir='ltr'><strong>(P)</strong></span> <span class='ocrx_word' id='word_1_58' title='bbox 1310 766 1427 809; x_wconf 81' lang='lat' dir='ltr'><strong>Suid.</strong></span> <span class='ocrx_word' id='word_1_59' title='bbox 1459 767 1491 807; x_wconf 90' lang='lat' dir='ltr'>I.</span> <span class='ocrx_word' id='word_1_60' title='bbox 1520 779 1560 820; x_wconf 89' lang='lat' dir='ltr'><strong>p.</strong></span> <span class='ocrx_word' id='word_1_61' title='bbox 1596 767 1684 806; x_wconf 81' lang='lat'>126.</span> <span class='ocrx_word' id='word_1_62' title='bbox 1716 768 1755 806; x_wconf 86' lang='grc'><strong>6.</strong></span> 
     </span>
     <span class='ocr_line' id='line_1_9' title="bbox 203 838 1048 894; baseline 0 -14"><span class='ocrx_word' id='word_1_63' title='bbox 203 839 255 880; x_wconf 84' lang='lat' dir='ltr'><strong>ef.</strong></span> <span class='ocrx_word' id='word_1_64' title='bbox 283 838 495 881; x_wconf 90' lang='lat' dir='ltr'><strong>Koenium</strong></span> <span class='ocrx_word' id='word_1_65' title='bbox 523 838 579 880; x_wconf 91' lang='lat' dir='ltr'><strong>ad</strong></span> <span class='ocrx_word' id='word_1_66' title='bbox 608 839 732 893; x_wconf 84' lang='lat' dir='ltr'>Greg.</span> <span class='ocrx_word' id='word_1_67' title='bbox 765 839 856 882; x_wconf 87' lang='lat' dir='ltr'>Cor.</span> <span class='ocrx_word' id='word_1_68' title='bbox 887 853 927 894; x_wconf 91' lang='lat' dir='ltr'><strong>p.</strong></span> <span class='ocrx_word' id='word_1_69' title='bbox 957 840 1048 880; x_wconf 85' lang='lat'>593.</span> 
     </span>
    </p>

    <p class='ocr_par' dir='ltr' id='par_1_6' title="bbox 203 901 1756 1095">
     <span class='ocr_line' id='line_1_10' title="bbox 315 901 1755 960; baseline 0.001 -16"><span class='ocrx_word' id='word_1_70' title='bbox 315 901 520 958; x_wconf 73' lang='grc' dir='ltr'>ἄερσαν·</span> <span class='ocrx_word' id='word_1_71' title='bbox 551 906 625 959; x_wconf 80' lang='grc' dir='ltr'><strong>τὴν</strong></span> <span class='ocrx_word' id='word_1_72' title='bbox 653 903 816 960; x_wconf 76' lang='grc' dir='ltr'>δρόσον.</span> <span class='ocrx_word' id='word_1_73' title='bbox 850 908 1024 960; x_wconf 71' lang='grc' dir='ltr'><strong><em>Κρῆτες.</em></strong></span> <span class='ocrx_word' id='word_1_74' title='bbox 1081 906 1171 947; x_wconf 79' lang='lat' dir='ltr'><strong>Hoc</strong></span> <span class='ocrx_word' id='word_1_75' title='bbox 1199 905 1449 947; x_wconf 80' lang='lat' dir='ltr'><strong>vocabulum</strong></span> <span class='ocrx_word' id='word_1_76' title='bbox 1478 917 1572 946; x_wconf 78' lang='lat' dir='ltr'><strong>cum</strong></span> <span class='ocrx_word' id='word_1_77' title='bbox 1598 904 1653 946; x_wconf 74' lang='lat' dir='ltr'><strong>Sit</strong></span> <span class='ocrx_word' id='word_1_78' title='bbox 1679 917 1755 959; x_wconf 87' lang='lat' dir='ltr'><strong>pro</strong></span> 
     </span>
     <span class='ocr_line' id='line_1_11' title="bbox 205 972 1756 1033; baseline 0.001 -20"><span class='ocrx_word' id='word_1_79' title='bbox 205 972 326 1026; x_wconf 58' lang='grc' dir='ltr'><strong>ἕρσαι]</strong></span> <span class='ocrx_word' id='word_1_80' title='bbox 362 974 430 1016; x_wconf 87' lang='lat' dir='ltr'><strong>vel</strong></span> <span class='ocrx_word' id='word_1_81' title='bbox 470 974 612 1029; x_wconf 86' lang='lat' dir='ltr'><strong>potius</strong></span> <span class='ocrx_word' id='word_1_82' title='bbox 650 989 727 1029; x_wconf 89' lang='lat' dir='ltr'><strong>pro</strong></span> <span class='ocrx_word' id='word_1_83' title='bbox 758 974 922 1028; x_wconf 66' lang='grc' dir='ltr'>Ἑέρσαν</span> <span class='ocrx_word' id='word_1_84' title='bbox 960 975 1137 1018; x_wconf 75' lang='lat' dir='ltr'><strong>efficitur</strong></span> <span class='ocrx_word' id='word_1_85' title='bbox 1174 977 1274 1017; x_wconf 86' lang='lat' dir='ltr'><strong>ante</strong></span> <span class='ocrx_word' id='word_1_86' title='bbox 1303 974 1519 1028; x_wconf 84' lang='lat' dir='ltr'>digamma</span> <span class='ocrx_word' id='word_1_87' title='bbox 1547 973 1756 1033; x_wconf 69' lang='lat' dir='ltr'><strong>Creticam</strong></span> 
     </span>
     <span class='ocr_line' id='line_1_12' title="bbox 203 1040 1487 1095; baseline 0 -14"><span class='ocrx_word' id='word_1_88' title='bbox 203 1040 432 1082; x_wconf 85' lang='lat' dir='ltr'><strong>dialectum</strong></span> <span class='ocrx_word' id='word_1_89' title='bbox 461 1057 487 1079; x_wconf 82' lang='grc' dir='ltr'><strong>α</strong></span> <span class='ocrx_word' id='word_1_90' title='bbox 517 1042 602 1092; x_wconf 86' lang='lat' dir='ltr'><strong>(vel</strong></span> <span class='ocrx_word' id='word_1_91' title='bbox 632 1044 670 1094; x_wconf 88' lang='lat' dir='ltr'><strong>o)</strong></span> <span class='ocrx_word' id='word_1_92' title='bbox 702 1043 926 1084; x_wconf 79' lang='lat' dir='ltr'><strong>admisisse</strong></span> <span class='ocrx_word' id='word_1_93' title='bbox 954 1057 992 1084; x_wconf 92' lang='lat' dir='ltr'>v.</span> <span class='ocrx_word' id='word_1_94' title='bbox 1023 1056 1169 1083; x_wconf 79' lang='lat' dir='ltr'><strong>comm.</strong></span> <span class='ocrx_word' id='word_1_95' title='bbox 1201 1056 1241 1095; x_wconf 87' lang='lat' dir='ltr'>p.</span> <span class='ocrx_word' id='word_1_96' title='bbox 1273 1043 1319 1081; x_wconf 76' lang='lat'><strong>13</strong></span> <span class='ocrx_word' id='word_1_97' title='bbox 1351 1045 1394 1082; x_wconf 88' lang='lat' dir='ltr'><strong>et</strong></span> <span class='ocrx_word' id='word_1_98' title='bbox 1428 1042 1487 1081; x_wconf 89' lang='lat'><strong>18.</strong></span> 
     </span>
    </p>

    <p class='ocr_par' dir='ltr' id='par_1_7' title="bbox 202 1105 1759 1770">
     <span class='ocr_line' id='line_1_13' title="bbox 313 1105 1756 1165; baseline 0.002 -19"><span class='ocrx_word' id='word_1_99' title='bbox 313 1105 591 1160; x_wconf 76' lang='grc' dir='ltr'>αἰγιὸόκος.</span> <span class='ocrx_word' id='word_1_100' title='bbox 633 1107 678 1152; x_wconf 62' lang='lat' dir='ltr'>V.</span> <span class='ocrx_word' id='word_1_101' title='bbox 725 1110 975 1165; x_wconf 84' lang='lat' dir='ltr'><strong>Matrangae</strong></span> <span class='ocrx_word' id='word_1_102' title='bbox 1017 1109 1176 1152; x_wconf 82' lang='lat' dir='ltr'><strong>Aneod.</strong></span> <span class='ocrx_word' id='word_1_103' title='bbox 1224 1109 1371 1152; x_wconf 77' lang='lat' dir='ltr'><strong>Graec.</strong></span> <span class='ocrx_word' id='word_1_104' title='bbox 1416 1122 1456 1163; x_wconf 91' lang='lat' dir='ltr'><strong>p.</strong></span> <span class='ocrx_word' id='word_1_105' title='bbox 1504 1110 1595 1150; x_wconf 88' lang='grc'><strong>463.</strong></span> <span class='ocrx_word' id='word_1_106' title='bbox 1632 1109 1657 1151; x_wconf 97' lang='lat' dir='ltr'>l.</span> <span class='ocrx_word' id='word_1_107' title='bbox 1704 1110 1756 1149; x_wconf 83' lang='lat'><strong>27</strong></span> 
     </span>
     <span class='ocr_line' id='line_1_14' title="bbox 202 1172 1757 1228; baseline -0.001 -11"><span class='ocrx_word' id='word_1_108' title='bbox 202 1176 355 1226; x_wconf 78' lang='lat' dir='ltr'>(Schol.</span> <span class='ocrx_word' id='word_1_109' title='bbox 395 1176 439 1216; x_wconf 91' lang='lat' dir='ltr'><strong>in</strong></span> <span class='ocrx_word' id='word_1_110' title='bbox 476 1176 597 1217; x_wconf 88' lang='lat' dir='ltr'><strong>Hom.</strong></span> <span class='ocrx_word' id='word_1_111' title='bbox 640 1177 687 1217; x_wconf 89' lang='lat' dir='ltr'>Il.</span> <span class='ocrx_word' id='word_1_112' title='bbox 723 1178 770 1217; x_wconf 88' lang='grc' dir='ltr'><strong>Β.</strong></span> <span class='ocrx_word' id='word_1_113' title='bbox 816 1180 928 1226; x_wconf 84' lang='grc'>157);</span> <span class='ocrx_word' id='word_1_114' title='bbox 969 1173 1070 1215; x_wconf 72' lang='grc' dir='ltr'><strong>ὅθεν</strong></span> <span class='ocrx_word' id='word_1_115' title='bbox 1105 1177 1168 1215; x_wconf 81' lang='grc' dir='ltr'><strong>καὶ</strong></span> <span class='ocrx_word' id='word_1_116' title='bbox 1208 1172 1411 1228; x_wconf 72' lang='grc' dir='ltr'>αι’γιδόκον</span> <span class='ocrx_word' id='word_1_117' title='bbox 1440 1172 1569 1214; x_wconf 83' lang='grc' dir='ltr'><em>τόπον</em></span> <span class='ocrx_word' id='word_1_118' title='bbox 1595 1176 1686 1214; x_wconf 77' lang='grc' dir='ltr'>τινὰ</span> <span class='ocrx_word' id='word_1_119' title='bbox 1716 1176 1757 1215; x_wconf 75' lang='grc' dir='ltr'><strong>ἐν</strong></span> 
     </span>
     <span class='ocr_line' id='line_1_15' title="bbox 205 1241 1758 1299; baseline 0.001 -17"><span class='ocrx_word' id='word_1_120' title='bbox 205 1241 354 1298; x_wconf 81' lang='grc' dir='ltr'><em>Κρήτῃ</em></span> <span class='ocrx_word' id='word_1_121' title='bbox 378 1245 589 1282; x_wconf 69' lang='grc' dir='ltr'>καλεῖσθαι</span> <span class='ocrx_word' id='word_1_122' title='bbox 622 1242 778 1297; x_wconf 72' lang='grc' dir='ltr'><strong>ἱστορεῖ</strong></span> <span class='ocrx_word' id='word_1_123' title='bbox 799 1242 1033 1299; x_wconf 77' lang='grc' dir='ltr'><em>Εὐφορίων.</em></span> <span class='ocrx_word' id='word_1_124' title='bbox 1091 1244 1155 1285; x_wconf 86' lang='lat' dir='ltr'><strong>Ex</strong></span> <span class='ocrx_word' id='word_1_125' title='bbox 1186 1245 1264 1285; x_wconf 81' lang='lat' dir='ltr'><strong>hoe</strong></span> <span class='ocrx_word' id='word_1_126' title='bbox 1291 1242 1384 1285; x_wconf 81' lang='lat' dir='ltr'><strong>loeo</strong></span> <span class='ocrx_word' id='word_1_127' title='bbox 1399 1241 1673 1297; x_wconf 78' lang='lat' dir='ltr'><strong>corrigendus</strong></span> <span class='ocrx_word' id='word_1_128' title='bbox 1693 1246 1758 1285; x_wconf 91' lang='lat' dir='ltr'><strong>est</strong></span> 
     </span>
     <span class='ocr_line' id='line_1_16' title="bbox 203 1309 1756 1374; baseline -0.002 -21"><span class='ocrx_word' id='word_1_129' title='bbox 203 1311 341 1374; x_wconf 66' lang='lat' dir='ltr'><strong>Sehol.</strong></span> <span class='ocrx_word' id='word_1_130' title='bbox 381 1311 425 1352; x_wconf 91' lang='lat' dir='ltr'><strong>in</strong></span> <span class='ocrx_word' id='word_1_131' title='bbox 462 1311 636 1353; x_wconf 87' lang='lat' dir='ltr'><strong>Hesiod.</strong></span> <span class='ocrx_word' id='word_1_132' title='bbox 674 1312 835 1366; x_wconf 84' lang='lat' dir='ltr'>Theog.</span> <span class='ocrx_word' id='word_1_133' title='bbox 866 1313 944 1352; x_wconf 81' lang='lat'><strong>484</strong></span> <span class='ocrx_word' id='word_1_134' title='bbox 972 1312 1053 1366; x_wconf 86' lang='lat' dir='ltr'>(ed.</span> <span class='ocrx_word' id='word_1_135' title='bbox 1086 1311 1297 1353; x_wconf 82' lang='lat' dir='ltr'><strong>Gaisford.</strong></span> <span class='ocrx_word' id='word_1_136' title='bbox 1328 1312 1404 1352; x_wconf 89' lang='lat' dir='ltr'>III.</span> <span class='ocrx_word' id='word_1_137' title='bbox 1437 1325 1477 1365; x_wconf 91' lang='lat' dir='ltr'><strong>p.</strong></span> <span class='ocrx_word' id='word_1_138' title='bbox 1507 1313 1628 1360; x_wconf 79' lang='lat'>424):</span> <span class='ocrx_word' id='word_1_139' title='bbox 1659 1309 1756 1365; x_wconf 75' lang='grc' dir='ltr'><strong>Ἀφ’</strong></span> 
     </span>
     <span class='ocr_line' id='line_1_17' title="bbox 204 1374 1758 1433; baseline 0.001 -16"><span class='ocrx_word' id='word_1_140' title='bbox 204 1374 252 1418; x_wconf 73' lang='grc' dir='ltr'><strong>οὗ</strong></span> <span class='ocrx_word' id='word_1_141' title='bbox 287 1378 327 1417; x_wconf 70' lang='grc' dir='ltr'><strong>ἐν</strong></span> <span class='ocrx_word' id='word_1_142' title='bbox 360 1375 509 1433; x_wconf 55' lang='grc' dir='ltr'><strong>Κρῶτῃ</strong></span> <span class='ocrx_word' id='word_1_143' title='bbox 539 1378 602 1417; x_wconf 79' lang='grc' dir='ltr'><strong>καὶ</strong></span> <span class='ocrx_word' id='word_1_144' title='bbox 632 1379 766 1433; x_wconf 67' lang='grc' dir='ltr'><em>Αἰγὰς</em></span> <span class='ocrx_word' id='word_1_145' title='bbox 808 1376 905 1431; x_wconf 74' lang='grc' dir='ltr'><strong>ὅρος</strong></span> <span class='ocrx_word' id='word_1_146' title='bbox 943 1382 1116 1419; x_wconf 75' lang='grc' dir='ltr'><strong>καλεῖται</strong></span> <span class='ocrx_word' id='word_1_147' title='bbox 1155 1379 1217 1418; x_wconf 78' lang='grc' dir='ltr'><strong>καὶ</strong></span> <span class='ocrx_word' id='word_1_148' title='bbox 1252 1379 1428 1432; x_wconf 79' lang='grc' dir='ltr'>Αἶγαΐον</span> <span class='ocrx_word' id='word_1_149' title='bbox 1467 1379 1515 1418; x_wconf 74' lang='grc' dir='ltr'><strong>τὸ</strong></span> <span class='ocrx_word' id='word_1_150' title='bbox 1546 1377 1614 1419; x_wconf 71' lang='grc' dir='ltr'><strong>ὑπ’</strong></span> <span class='ocrx_word' id='word_1_151' title='bbox 1643 1378 1758 1419; x_wconf 74' lang='grc' dir='ltr'>ἐνίων</span> 
     </span>
     <span class='ocr_line' id='line_1_18' title="bbox 205 1443 1759 1500; baseline 0.001 -16"><span class='ocrx_word' id='word_1_152' title='bbox 205 1444 356 1484; x_wconf 61' lang='grc' dir='ltr'>ἔκδικον</span> <span class='ocrx_word' id='word_1_153' title='bbox 381 1443 642 1497; x_wconf 68' lang='grc' dir='ltr'>καλούμενον.</span> <span class='ocrx_word' id='word_1_154' title='bbox 695 1448 774 1489; x_wconf 89' lang='lat' dir='ltr'><strong>Pro</strong></span> <span class='ocrx_word' id='word_1_155' title='bbox 811 1446 962 1486; x_wconf 62' lang='grc' dir='ltr'>ἔκδικον</span> <span class='ocrx_word' id='word_1_156' title='bbox 999 1448 1113 1489; x_wconf 81' lang='lat' dir='ltr'><strong>enim</strong></span> <span class='ocrx_word' id='word_1_157' title='bbox 1150 1446 1377 1500; x_wconf 75' lang='lat' dir='ltr'><strong>legendum</strong></span> <span class='ocrx_word' id='word_1_158' title='bbox 1405 1446 1574 1488; x_wconf 82' lang='lat' dir='ltr'><strong>Videtur</strong></span> <span class='ocrx_word' id='word_1_159' title='bbox 1596 1444 1759 1486; x_wconf 78' lang='grc' dir='ltr'>αἰδόκον</span> 
     </span>
     <span class='ocr_line' id='line_1_19' title="bbox 203 1511 1759 1569; baseline -0.001 -14"><span class='ocrx_word' id='word_1_160' title='bbox 203 1527 288 1556; x_wconf 91' lang='lat' dir='ltr'><strong>non</strong></span> <span class='ocrx_word' id='word_1_161' title='bbox 317 1518 362 1556; x_wconf 92' lang='lat' dir='ltr'><strong>ut</strong></span> <span class='ocrx_word' id='word_1_162' title='bbox 391 1514 481 1556; x_wconf 89' lang='lat' dir='ltr'><strong>vult</strong></span> <span class='ocrx_word' id='word_1_163' title='bbox 509 1513 777 1557; x_wconf 83' lang='lat' dir='ltr'><strong>Gaisfordius</strong></span> <span class='ocrx_word' id='word_1_164' title='bbox 809 1514 1016 1555; x_wconf 77' lang='grc' dir='ltr'>Δικταῖον.</span> <span class='ocrx_word' id='word_1_165' title='bbox 1070 1511 1255 1555; x_wconf 77' lang='grc' dir='ltr'>Λίδόκον</span> <span class='ocrx_word' id='word_1_166' title='bbox 1280 1517 1421 1556; x_wconf 88' lang='lat' dir='ltr'><strong>autem</strong></span> <span class='ocrx_word' id='word_1_167' title='bbox 1451 1527 1528 1569; x_wconf 89' lang='lat' dir='ltr'><strong>pro</strong></span> <span class='ocrx_word' id='word_1_168' title='bbox 1557 1511 1759 1567; x_wconf 76' lang='grc' dir='ltr'><strong>αἰγιὸόκον</strong></span> 
     </span>
     <span class='ocr_line' id='line_1_20' title="bbox 203 1578 1757 1636; baseline -0.001 -14"><span class='ocrx_word' id='word_1_169' title='bbox 203 1594 303 1622; x_wconf 89' lang='lat' dir='ltr'><strong>vere</strong></span> <span class='ocrx_word' id='word_1_170' title='bbox 334 1582 545 1623; x_wconf 82' lang='lat' dir='ltr'><strong>Creticum</strong></span> <span class='ocrx_word' id='word_1_171' title='bbox 577 1595 669 1624; x_wconf 87' lang='lat' dir='ltr'><strong>esse</strong></span> <span class='ocrx_word' id='word_1_172' title='bbox 697 1583 994 1636; x_wconf 79' lang='lat' dir='ltr'><strong>comprobatur</strong></span> <span class='ocrx_word' id='word_1_173' title='bbox 1022 1583 1087 1623; x_wconf 89' lang='lat' dir='ltr'><strong>Et.</strong></span> <span class='ocrx_word' id='word_1_174' title='bbox 1110 1582 1219 1625; x_wconf 82' lang='lat' dir='ltr'>Gud.</span> <span class='ocrx_word' id='word_1_175' title='bbox 1248 1596 1289 1636; x_wconf 91' lang='lat' dir='ltr'><strong>p.</strong></span> <span class='ocrx_word' id='word_1_176' title='bbox 1313 1583 1375 1634; x_wconf 82' lang='lat'><strong>14,</strong></span> <span class='ocrx_word' id='word_1_177' title='bbox 1405 1583 1476 1622; x_wconf 83' lang='lat'><strong>24:</strong></span> <span class='ocrx_word' id='word_1_178' title='bbox 1510 1578 1757 1634; x_wconf 79' lang='grc' dir='ltr'>Λῖγοπολός·</span> 
     </span>
     <span class='ocr_line' id='line_1_21' title="bbox 206 1646 1156 1703; baseline 0.002 -16"><span class='ocrx_word' id='word_1_179' title='bbox 206 1648 393 1703; x_wconf 74' lang='grc' dir='ltr'>Κρητικῇ</span> <span class='ocrx_word' id='word_1_180' title='bbox 423 1650 605 1703; x_wconf 83' lang='grc' dir='ltr'>συγκοπῇ</span> <span class='ocrx_word' id='word_1_181' title='bbox 632 1646 818 1696; x_wconf 51' lang='lat' dir='ltr'><strong>mimilog-</strong></span> <span class='ocrx_word' id='word_1_182' title='bbox 849 1648 871 1690; x_wconf 79' lang='lat' dir='ltr'><strong>0c</strong></span> <span class='ocrx_word' id='word_1_183' title='bbox 900 1646 1156 1703; x_wconf 75' lang='grc' dir='ltr'>αἶγοβοσκός.</span> 
     </span>
     <span class='ocr_line' id='line_1_22' title="bbox 211 1711 1686 1770; baseline 0.003 -16"><span class='ocrx_word' id='word_1_184' title='bbox 211 1711 214 1714; x_wconf 40' lang='lat'><strong>⁴</strong></span> <span class='ocrx_word' id='word_1_185' title='bbox 309 1714 433 1755; x_wconf 77' lang='grc' dir='ltr'>αἰέν·</span> <span class='ocrx_word' id='word_1_186' title='bbox 465 1716 543 1755; x_wconf 70' lang='grc' dir='ltr'><strong>αἰεί</strong></span> <span class='ocrx_word' id='word_1_187' title='bbox 568 1730 608 1757; x_wconf 92' lang='lat' dir='ltr'>v.</span> <span class='ocrx_word' id='word_1_188' title='bbox 639 1717 694 1770; x_wconf 84' lang='lat' dir='ltr'>gl.</span> <span class='ocrx_word' id='word_1_189' title='bbox 723 1717 796 1763; x_wconf 71' lang='grc' dir='ltr'>ἕνς.</span> <span class='ocrx_word' id='word_1_190' title='bbox 1684 1756 1686 1758; x_wconf 74' lang='grc'>,</span> 
     </span>
    </p>

    <p class='ocr_par' dir='ltr' id='par_1_8' title="bbox 206 1780 1759 1893">
     <span class='ocr_line' id='line_1_23' title="bbox 313 1780 1759 1841; baseline 0.005 -20"><span class='ocrx_word' id='word_1_191' title='bbox 313 1780 655 1836; x_wconf 73' lang='grc' dir='ltr'><strong>αἷθέρτητόν·-</strong></span> <span class='ocrx_word' id='word_1_192' title='bbox 702 1784 749 1823; x_wconf 76' lang='grc' dir='ltr'><strong>τὸ</strong></span> <span class='ocrx_word' id='word_1_193' title='bbox 798 1782 1048 1837; x_wconf 73' lang='grc' dir='ltr'>εὐθυμητόν.</span> <span class='ocrx_word' id='word_1_194' title='bbox 1108 1786 1276 1838; x_wconf 77' lang='grc' dir='ltr'><strong><em>Κρῆτες.</em></strong></span> <span class='ocrx_word' id='word_1_195' title='bbox 1329 1786 1511 1841; x_wconf 81' lang='lat' dir='ltr'><strong>Hesych.</strong></span> <span class='ocrx_word' id='word_1_196' title='bbox 1601 1785 1759 1829; x_wconf 80' lang='lat' dir='ltr'><strong>Glossa</strong></span> 
     </span>
     <span class='ocr_line' id='line_1_24' title="bbox 206 1851 397 1893; baseline 0 -1"><span class='ocrx_word' id='word_1_197' title='bbox 206 1851 397 1893; x_wconf 81' lang='lat' dir='ltr'><strong>obseura.</strong></span> 
     </span>
    </p>

    <p class='ocr_par' dir='ltr' id='par_1_9' title="bbox 201 1915 1812 2437">
     <span class='ocr_line' id='line_1_25' title="bbox 312 1915 1760 1975; baseline 0.004 -18"><span class='ocrx_word' id='word_1_198' title='bbox 312 1915 539 1958; x_wconf 71' lang='grc' dir='ltr'><strong>α’καθόν·</strong></span> <span class='ocrx_word' id='word_1_199' title='bbox 569 1916 742 1973; x_wconf 71' lang='grc' dir='ltr'><strong>ἀγαθόν.</strong></span> <span class='ocrx_word' id='word_1_200' title='bbox 773 1920 955 1975; x_wconf 84' lang='lat' dir='ltr'><strong>Hesyoh.</strong></span> <span class='ocrx_word' id='word_1_201' title='bbox 990 1920 1185 1963; x_wconf 83' lang='lat' dir='ltr'><strong>Glossam</strong></span> <span class='ocrx_word' id='word_1_202' title='bbox 1202 1921 1411 1964; x_wconf 80' lang='lat' dir='ltr'><strong>Creticam</strong></span> <span class='ocrx_word' id='word_1_203' title='bbox 1429 1921 1483 1963; x_wconf 94' lang='lat' dir='ltr'>M.</span> <span class='ocrx_word' id='word_1_204' title='bbox 1500 1920 1760 1964; x_wconf 83' lang='lat' dir='ltr'><strong>Sohmidtius</strong></span> 
     </span>
     <span class='ocr_line' id='line_1_26' title="bbox 203 1986 1758 2041; baseline 0.002 -14"><span class='ocrx_word' id='word_1_205' title='bbox 203 1986 300 2028; x_wconf 89' lang='lat' dir='ltr'><strong>ideo</strong></span> <span class='ocrx_word' id='word_1_206' title='bbox 330 1990 472 2041; x_wconf 90' lang='lat' dir='ltr'><strong>putat,</strong></span> <span class='ocrx_word' id='word_1_207' title='bbox 514 1987 627 2040; x_wconf 89' lang='lat' dir='ltr'><strong>quod</strong></span> <span class='ocrx_word' id='word_1_208' title='bbox 655 2004 678 2039; x_wconf 78' lang='grc' dir='ltr'><em>γ</em></span> <span class='ocrx_word' id='word_1_209' title='bbox 707 1988 876 2029; x_wconf 87' lang='lat' dir='ltr'><strong>videtur</strong></span> <span class='ocrx_word' id='word_1_210' title='bbox 905 1988 948 2029; x_wconf 90' lang='lat' dir='ltr'><strong>in</strong></span> <span class='ocrx_word' id='word_1_211' title='bbox 977 2004 999 2026; x_wconf 90' lang='grc' dir='ltr'>κ</span> <span class='ocrx_word' id='word_1_212' title='bbox 1028 1992 1327 2031; x_wconf 81' lang='lat' dir='ltr'><strong>commutatum</strong></span> <span class='ocrx_word' id='word_1_213' title='bbox 1365 2002 1458 2032; x_wconf 89' lang='lat' dir='ltr'><strong>esse</strong></span> <span class='ocrx_word' id='word_1_214' title='bbox 1487 1991 1530 2031; x_wconf 91' lang='lat' dir='ltr'><strong>in</strong></span> <span class='ocrx_word' id='word_1_215' title='bbox 1553 1986 1758 2031; x_wconf 76' lang='lat' dir='ltr'><strong>&#39;haedia-</strong></span> 
     </span>
     <span class='ocr_line' id='line_1_27' title="bbox 203 2052 1759 2111; baseline -0.002 -15"><span class='ocrx_word' id='word_1_216' title='bbox 203 2054 322 2096; x_wconf 82' lang='lat' dir='ltr'><strong>lecto.</strong></span> <span class='ocrx_word' id='word_1_217' title='bbox 386 2054 513 2096; x_wconf 83' lang='lat' dir='ltr'><strong>Certa</strong></span> <span class='ocrx_word' id='word_1_218' title='bbox 546 2054 669 2098; x_wconf 84' lang='lat' dir='ltr'><strong>huius</strong></span> <span class='ocrx_word' id='word_1_219' title='bbox 703 2056 950 2098; x_wconf 84' lang='lat' dir='ltr'><strong>mutationis</strong></span> <span class='ocrx_word' id='word_1_220' title='bbox 988 2056 1184 2111; x_wconf 85' lang='lat' dir='ltr'><strong>exempla</strong></span> <span class='ocrx_word' id='word_1_221' title='bbox 1220 2054 1303 2098; x_wconf 91' lang='lat' dir='ltr'><strong>duo</strong></span> <span class='ocrx_word' id='word_1_222' title='bbox 1336 2059 1506 2098; x_wconf 83' lang='lat' dir='ltr'><strong>exstant</strong></span> <span class='ocrx_word' id='word_1_223' title='bbox 1532 2052 1759 2109; x_wconf 77' lang='grc' dir='ltr'>κλάγ[γ]ος·</span> 
     </span>
     <span class='ocr_line' id='line_1_28' title="bbox 202 2119 1761 2177; baseline 0.002 -17"><span class='ocrx_word' id='word_1_224' title='bbox 202 2119 316 2174; x_wconf 82' lang='grc' dir='ltr'><em>γάλα.</em></span> <span class='ocrx_word' id='word_1_225' title='bbox 346 2122 510 2175; x_wconf 73' lang='grc' dir='ltr'><em>Κρῆτες</em></span> <span class='ocrx_word' id='word_1_226' title='bbox 534 2126 576 2164; x_wconf 83' lang='lat' dir='ltr'><strong>et</strong></span> <span class='ocrx_word' id='word_1_227' title='bbox 607 2123 906 2175; x_wconf 72' lang='grc' dir='ltr'><strong>Καρτεμνίδες·</strong></span> <span class='ocrx_word' id='word_1_228' title='bbox 935 2123 971 2163; x_wconf 78' lang='grc' dir='ltr'><strong>οἱ</strong></span> <span class='ocrx_word' id='word_1_229' title='bbox 1002 2126 1026 2163; x_wconf 93' lang='lat' dir='ltr'><em>I</em></span> <span class='ocrx_word' id='word_1_230' title='bbox 1034 2122 1229 2177; x_wconf 82' lang='grc' dir='ltr'>ὀρτύνιοι·</span> <span class='ocrx_word' id='word_1_231' title='bbox 1260 2124 1433 2176; x_wconf 55' lang='grc' dir='ltr'><em>Κρῖτες.</em></span> <span class='ocrx_word' id='word_1_232' title='bbox 1485 2123 1625 2165; x_wconf 78' lang='lat' dir='ltr'><strong>Minus</strong></span> <span class='ocrx_word' id='word_1_233' title='bbox 1644 2125 1761 2165; x_wconf 79' lang='lat' dir='ltr'><strong>certa</strong></span> 
     </span>
     <span class='ocr_line' id='line_1_29' title="bbox 204 2188 1759 2243; baseline 0 -12"><span class='ocrx_word' id='word_1_234' title='bbox 204 2193 301 2231; x_wconf 82' lang='lat' dir='ltr'><strong>sunt</strong></span> <span class='ocrx_word' id='word_1_235' title='bbox 329 2189 551 2242; x_wconf 79' lang='grc' dir='ltr'>φαίκανον·</span> <span class='ocrx_word' id='word_1_236' title='bbox 577 2188 760 2243; x_wconf 80' lang='grc' dir='ltr'>πήγανον</span> <span class='ocrx_word' id='word_1_237' title='bbox 769 2206 782 2240; x_wconf 86' lang='grc'><strong>,·</strong></span> <span class='ocrx_word' id='word_1_238' title='bbox 820 2194 987 2241; x_wconf 82' lang='grc' dir='ltr'>βαΐκαν·</span> <span class='ocrx_word' id='word_1_239' title='bbox 1015 2188 1128 2243; x_wconf 75' lang='grc' dir='ltr'><em>αἷγα,·</em></span> <span class='ocrx_word' id='word_1_240' title='bbox 1167 2191 1451 2233; x_wconf 76' lang='lat' dir='ltr'><strong>incertissima</strong></span> <span class='ocrx_word' id='word_1_241' title='bbox 1477 2193 1520 2232; x_wconf 78' lang='lat' dir='ltr'><strong>et</strong></span> <span class='ocrx_word' id='word_1_242' title='bbox 1547 2190 1638 2232; x_wconf 81' lang='lat' dir='ltr'><strong>sine</strong></span> <span class='ocrx_word' id='word_1_243' title='bbox 1670 2189 1759 2231; x_wconf 77' lang='lat' dir='ltr'><strong>dia-</strong></span> 
     </span>
     <span class='ocr_line' id='line_1_30' title="bbox 202 2254 1812 2311; baseline -0.002 -13"><span class='ocrx_word' id='word_1_244' title='bbox 202 2256 301 2299; x_wconf 79' lang='lat' dir='ltr'><strong>lecti</strong></span> <span class='ocrx_word' id='word_1_245' title='bbox 329 2260 431 2299; x_wconf 80' lang='lat' dir='ltr'><strong>nota</strong></span> <span class='ocrx_word' id='word_1_246' title='bbox 462 2254 646 2307; x_wconf 70' lang='grc' dir='ltr'><strong>οἷκαθόνς</strong></span> <span class='ocrx_word' id='word_1_247' title='bbox 682 2254 853 2310; x_wconf 77' lang='grc' dir='ltr'>οἷκητόν,·</span> <span class='ocrx_word' id='word_1_248' title='bbox 892 2254 1092 2297; x_wconf 73' lang='grc' dir='ltr'>κάναθοι·</span> <span class='ocrx_word' id='word_1_249' title='bbox 1129 2254 1307 2311; x_wconf 72' lang='grc' dir='ltr'>γνάθαις</span> <span class='ocrx_word' id='word_1_250' title='bbox 1346 2256 1583 2309; x_wconf 78' lang='grc' dir='ltr'>καραβίδες·</span> <span class='ocrx_word' id='word_1_251' title='bbox 1619 2257 1764 2310; x_wconf 73' lang='grc' dir='ltr'><strong><em>γρᾶεςς</em></strong></span> <span class='ocrx_word' id='word_1_252' title='bbox 1809 2269 1812 2272; x_wconf 93' lang='grc'><strong><em>·</em></strong></span> 
     </span>
     <span class='ocr_line' id='line_1_31' title="bbox 202 2321 1761 2380; baseline 0.002 -17"><span class='ocrx_word' id='word_1_253' title='bbox 202 2321 364 2364; x_wconf 76' lang='grc' dir='ltr'>ὖκελόν·</span> <span class='ocrx_word' id='word_1_254' title='bbox 393 2323 509 2378; x_wconf 74' lang='grc' dir='ltr'>ὑγιές.</span> <span class='ocrx_word' id='word_1_255' title='bbox 569 2325 661 2367; x_wconf 84' lang='lat' dir='ltr'><strong>Hoe</strong></span> <span class='ocrx_word' id='word_1_256' title='bbox 689 2325 820 2380; x_wconf 86' lang='lat' dir='ltr'><strong>igitur</strong></span> <span class='ocrx_word' id='word_1_257' title='bbox 848 2329 1014 2368; x_wconf 81' lang='lat' dir='ltr'><strong>constat</strong></span> <span class='ocrx_word' id='word_1_258' title='bbox 1042 2339 1069 2368; x_wconf 87' lang='lat' dir='ltr'><strong>a</strong></span> <span class='ocrx_word' id='word_1_259' title='bbox 1087 2326 1255 2369; x_wconf 82' lang='lat' dir='ltr'><strong>Cretica</strong></span> <span class='ocrx_word' id='word_1_260' title='bbox 1274 2325 1457 2368; x_wconf 80' lang='lat' dir='ltr'><strong>dialecto</strong></span> <span class='ocrx_word' id='word_1_261' title='bbox 1473 2338 1557 2367; x_wconf 92' lang='lat' dir='ltr'><strong>non</strong></span> <span class='ocrx_word' id='word_1_262' title='bbox 1577 2324 1761 2367; x_wconf 84' lang='lat' dir='ltr'><strong>alienam</strong></span> 
     </span>
     <span class='ocr_line' id='line_1_32' title="bbox 201 2391 1760 2437; baseline 0 -3"><span class='ocrx_word' id='word_1_263' title='bbox 201 2392 332 2436; x_wconf 83' lang='lat' dir='ltr'><strong>fuisse</strong></span> <span class='ocrx_word' id='word_1_264' title='bbox 352 2392 463 2435; x_wconf 83' lang='lat' dir='ltr'><strong>hane</strong></span> <span class='ocrx_word' id='word_1_265' title='bbox 483 2393 760 2436; x_wconf 87' lang='lat' dir='ltr'><strong>mutationem</strong></span> <span class='ocrx_word' id='word_1_266' title='bbox 786 2392 863 2436; x_wconf 86' lang='lat' dir='ltr'><strong>sed</strong></span> <span class='ocrx_word' id='word_1_267' title='bbox 880 2393 1059 2436; x_wconf 83' lang='lat' dir='ltr'><strong>fortasse</strong></span> <span class='ocrx_word' id='word_1_268' title='bbox 1078 2394 1118 2436; x_wconf 94' lang='lat' dir='ltr'><strong>ei</strong></span> <span class='ocrx_word' id='word_1_269' title='bbox 1147 2407 1242 2437; x_wconf 85' lang='lat' dir='ltr'><strong>eum</strong></span> <span class='ocrx_word' id='word_1_270' title='bbox 1260 2393 1396 2437; x_wconf 85' lang='lat' dir='ltr'><strong>altera</strong></span> <span class='ocrx_word' id='word_1_271' title='bbox 1422 2392 1653 2436; x_wconf 85' lang='lat' dir='ltr'><strong>eommunis</strong></span> <span class='ocrx_word' id='word_1_272' title='bbox 1669 2391 1760 2434; x_wconf 90' lang='lat' dir='ltr'><strong>fuit.</strong></span> 
     </span>
    </p>

    <p class='ocr_par' dir='ltr' id='par_1_10' title="bbox 202 2456 1760 2583">
     <span class='ocr_line' id='line_1_33' title="bbox 310 2456 1760 2516; baseline -0.001 -17"><span class='ocrx_word' id='word_1_273' title='bbox 310 2458 563 2500; x_wconf 76' lang='grc' dir='ltr'><strong>ἀκακαλλί</strong></span> <span class='ocrx_word' id='word_1_274' title='bbox 570 2475 608 2507; x_wconf 88' lang='grc' dir='ltr'><strong>ς·</strong></span> <span class='ocrx_word' id='word_1_275' title='bbox 640 2456 775 2509; x_wconf 72' lang='grc' dir='ltr'>ἄνθος</span> <span class='ocrx_word' id='word_1_276' title='bbox 804 2461 1036 2515; x_wconf 79' lang='grc' dir='ltr'>ναρκίσσου.</span> <span class='ocrx_word' id='word_1_277' title='bbox 1066 2462 1239 2515; x_wconf 79' lang='grc' dir='ltr'><em>Κρῆτες.</em></span> <span class='ocrx_word' id='word_1_278' title='bbox 1266 2460 1448 2516; x_wconf 79' lang='lat' dir='ltr'><strong>Hesych.</strong></span> <span class='ocrx_word' id='word_1_279' title='bbox 1498 2460 1549 2503; x_wconf 81' lang='lat' dir='ltr'>Of.</span> <span class='ocrx_word' id='word_1_280' title='bbox 1576 2458 1760 2506; x_wconf 83' lang='grc' dir='ltr'>κακαλίς·</span> 
     </span>
     <span class='ocr_line' id='line_1_34' title="bbox 202 2526 428 2583; baseline 0.009 -15"><span class='ocrx_word' id='word_1_281' title='bbox 202 2526 428 2583; x_wconf 83' lang='grc' dir='ltr'>νάρκισσος.</span> 
     </span>
    </p>

    <p class='ocr_par' dir='ltr' id='par_1_11' title="bbox 310 2594 1496 2652">
     <span class='ocr_line' id='line_1_35' title="bbox 310 2594 1496 2652; baseline 0 -16"><span class='ocrx_word' id='word_1_282' title='bbox 310 2594 492 2651; x_wconf 78' lang='grc' dir='ltr'>ἄκαρα·</span> <span class='ocrx_word' id='word_1_283' title='bbox 522 2598 575 2639; x_wconf 83' lang='grc' dir='ltr'><strong>τοὶ</strong></span> <span class='ocrx_word' id='word_1_284' title='bbox 604 2596 733 2651; x_wconf 78' lang='grc' dir='ltr'>σκέλη.</span> <span class='ocrx_word' id='word_1_285' title='bbox 765 2598 941 2650; x_wconf 79' lang='grc' dir='ltr'><em>Κρῆτες.</em></span> <span class='ocrx_word' id='word_1_286' title='bbox 972 2596 1155 2652; x_wconf 82' lang='lat' dir='ltr'><strong>Hesyeh.</strong></span> <span class='ocrx_word' id='word_1_287' title='bbox 1211 2597 1304 2640; x_wconf 87' lang='lat' dir='ltr'><strong>EM.</strong></span> <span class='ocrx_word' id='word_1_288' title='bbox 1334 2598 1398 2645; x_wconf 84' lang='lat'><strong>45,</strong></span> <span class='ocrx_word' id='word_1_289' title='bbox 1435 2597 1496 2637; x_wconf 89' lang='grc'><strong>16.</strong></span> 
     </span>
    </p>

    <p class='ocr_par' dir='ltr' id='par_1_12' title="bbox 201 2660 1762 2788">
     <span class='ocr_line' id='line_1_36' title="bbox 310 2660 1762 2720; baseline -0.001 -14"><span class='ocrx_word' id='word_1_290' title='bbox 310 2663 335 2705; x_wconf 81' lang='grc' dir='ltr'><strong>οἷ</strong></span> <span class='ocrx_word' id='word_1_291' title='bbox 345 2669 391 2706; x_wconf 83' lang='grc' dir='ltr'><strong>λι</strong></span> <span class='ocrx_word' id='word_1_292' title='bbox 409 2662 521 2706; x_wconf 86' lang='grc' dir='ltr'>νόν·</span> <span class='ocrx_word' id='word_1_293' title='bbox 551 2662 751 2720; x_wconf 76' lang='grc' dir='ltr'>ἀμυδρόν.</span> <span class='ocrx_word' id='word_1_294' title='bbox 784 2665 957 2719; x_wconf 78' lang='grc' dir='ltr'><strong><em>Κρῆτες.</em></strong></span> <span class='ocrx_word' id='word_1_295' title='bbox 988 2664 1170 2719; x_wconf 81' lang='lat' dir='ltr'><strong>Hesyeh.</strong></span> <span class='ocrx_word' id='word_1_296' title='bbox 1207 2664 1301 2708; x_wconf 84' lang='lat' dir='ltr'><strong>eod.</strong></span> <span class='ocrx_word' id='word_1_297' title='bbox 1339 2660 1502 2704; x_wconf 78' lang='grc' dir='ltr'>ἄλιννόν</span> <span class='ocrx_word' id='word_1_298' title='bbox 1539 2661 1653 2718; x_wconf 86' lang='lat' dir='ltr'><strong>quod</strong></span> <span class='ocrx_word' id='word_1_299' title='bbox 1681 2662 1762 2705; x_wconf 90' lang='lat' dir='ltr'><strong>Vo-</strong></span> 
     </span>
     <span class='ocr_line' id='line_1_37' title="bbox 201 2729 1700 2788; baseline -0.003 -12"><span class='ocrx_word' id='word_1_300' title='bbox 201 2734 433 2776; x_wconf 85' lang='lat' dir='ltr'><strong>retzsehius</strong></span> <span class='ocrx_word' id='word_1_301' title='bbox 461 2734 516 2776; x_wconf 88' lang='lat' dir='ltr'><strong>de</strong></span> <span class='ocrx_word' id='word_1_302' title='bbox 544 2734 670 2776; x_wconf 84' lang='lat' dir='ltr'><strong>inser.</strong></span> <span class='ocrx_word' id='word_1_303' title='bbox 697 2734 807 2777; x_wconf 85' lang='lat' dir='ltr'><strong>Cret.</strong></span> <span class='ocrx_word' id='word_1_304' title='bbox 837 2747 879 2788; x_wconf 92' lang='lat' dir='ltr'><strong>p.</strong></span> <span class='ocrx_word' id='word_1_305' title='bbox 912 2734 961 2773; x_wconf 90' lang='lat'><strong>12</strong></span> <span class='ocrx_word' id='word_1_306' title='bbox 991 2745 1044 2775; x_wconf 86' lang='lat' dir='ltr'><strong>ex</strong></span> <span class='ocrx_word' id='word_1_307' title='bbox 1073 2729 1243 2784; x_wconf 75' lang='grc' dir='ltr'>ἅλιχνόν</span> <span class='ocrx_word' id='word_1_308' title='bbox 1269 2735 1416 2774; x_wconf 87' lang='lat' dir='ltr'><strong>natum</strong></span> <span class='ocrx_word' id='word_1_309' title='bbox 1443 2744 1537 2774; x_wconf 83' lang='lat' dir='ltr'><strong>esse</strong></span> <span class='ocrx_word' id='word_1_310' title='bbox 1566 2733 1700 2785; x_wconf 86' lang='lat' dir='ltr'><strong>putat.</strong></span> 
     </span>
    </p>

    <p class='ocr_par' dir='ltr' id='par_1_13' title="bbox 199 2797 1767 2992">
     <span class='ocr_line' id='line_1_38' title="bbox 312 2797 1763 2856; baseline -0.001 -14"><span class='ocrx_word' id='word_1_311' title='bbox 312 2798 638 2856; x_wconf 75' lang='grc' dir='ltr'>ἀλλάθαρον·</span> <span class='ocrx_word' id='word_1_312' title='bbox 664 2797 863 2856; x_wconf 77' lang='grc' dir='ltr'>ἁλμυρόν.</span> <span class='ocrx_word' id='word_1_313' title='bbox 897 2800 1072 2855; x_wconf 80' lang='grc' dir='ltr'><strong><em>Κρῆτες.</em></strong></span> <span class='ocrx_word' id='word_1_314' title='bbox 1102 2799 1285 2856; x_wconf 80' lang='lat' dir='ltr'><strong>Hesych.</strong></span> <span class='ocrx_word' id='word_1_315' title='bbox 1311 2797 1552 2843; x_wconf 80' lang='lat' dir='ltr'><strong>Voretzseh.</strong></span> <span class='ocrx_word' id='word_1_316' title='bbox 1568 2797 1622 2840; x_wconf 79' lang='lat' dir='ltr'><strong>de</strong></span> <span class='ocrx_word' id='word_1_317' title='bbox 1639 2797 1763 2841; x_wconf 76' lang='lat' dir='ltr'><strong>inser.</strong></span> 
     </span>
     <span class='ocr_line' id='line_1_39' title="bbox 201 2866 1767 2924; baseline -0.003 -11"><span class='ocrx_word' id='word_1_318' title='bbox 201 2870 312 2913; x_wconf 83' lang='lat' dir='ltr'><strong>Cret.</strong></span> <span class='ocrx_word' id='word_1_319' title='bbox 343 2884 383 2924; x_wconf 93' lang='lat' dir='ltr'>p.</span> <span class='ocrx_word' id='word_1_320' title='bbox 423 2872 467 2910; x_wconf 83' lang='grc'><strong>12</strong></span> <span class='ocrx_word' id='word_1_321' title='bbox 504 2873 551 2909; x_wconf 82' lang='grc' dir='ltr'><strong>λλ</strong></span> <span class='ocrx_word' id='word_1_322' title='bbox 587 2884 641 2913; x_wconf 83' lang='lat' dir='ltr'><strong>ex</strong></span> <span class='ocrx_word' id='word_1_323' title='bbox 669 2873 725 2922; x_wconf 86' lang='grc' dir='ltr'><strong>λμ</strong></span> <span class='ocrx_word' id='word_1_324' title='bbox 762 2869 1071 2913; x_wconf 88' lang='lat' dir='ltr'><strong>assimilatione</strong></span> <span class='ocrx_word' id='word_1_325' title='bbox 1106 2868 1263 2912; x_wconf 82' lang='lat' dir='ltr'><strong>factum</strong></span> <span class='ocrx_word' id='word_1_326' title='bbox 1304 2881 1399 2911; x_wconf 84' lang='lat' dir='ltr'><strong>esse</strong></span> <span class='ocrx_word' id='word_1_327' title='bbox 1437 2866 1676 2920; x_wconf 84' lang='lat' dir='ltr'><strong>existimat,</strong></span> <span class='ocrx_word' id='word_1_328' title='bbox 1719 2870 1767 2909; x_wconf 85' lang='lat' dir='ltr'><strong>ut</strong></span> 
     </span>
     <span class='ocr_line' id='line_1_40' title="bbox 199 2934 1764 2992; baseline 0 -15"><span class='ocrx_word' id='word_1_329' title='bbox 199 2935 430 2990; x_wconf 79' lang='grc' dir='ltr'>Σαμμωνιά</span> <span class='ocrx_word' id='word_1_330' title='bbox 470 2950 523 2980; x_wconf 85' lang='lat' dir='ltr'><strong>ex</strong></span> <span class='ocrx_word' id='word_1_331' title='bbox 561 2936 793 2990; x_wconf 76' lang='grc' dir='ltr'>Σαλμωνιά.</span> <span class='ocrx_word' id='word_1_332' title='bbox 861 2937 1013 2992; x_wconf 89' lang='lat' dir='ltr'><strong>Neque</strong></span> <span class='ocrx_word' id='word_1_333' title='bbox 1048 2935 1316 2979; x_wconf 87' lang='lat' dir='ltr'><strong>infitiandum</strong></span> <span class='ocrx_word' id='word_1_334' title='bbox 1352 2939 1436 2989; x_wconf 88' lang='lat' dir='ltr'><strong>est,</strong></span> <span class='ocrx_word' id='word_1_335' title='bbox 1481 2946 1683 2990; x_wconf 86' lang='lat' dir='ltr'><strong>magnum</strong></span> <span class='ocrx_word' id='word_1_336' title='bbox 1718 2934 1764 2977; x_wconf 92' lang='lat' dir='ltr'><strong>in</strong></span> 
     </span>
    </p>
   </div>
  </div>
 </body>
</html>
