1964 3184
888 193 1127 231 ,4-

236 287 314 350 (εἷο
341 299 473 341 enim:
503 299 586 340 Mn.
610 299 655 351 1.,
685 299 738 340 ΙΙ.
769 304 846 340 etc.
877 311 949 340 eos
966 298 1109 340 titulos
1125 301 1273 339 notare
1291 298 1444 352 placet,
1474 311 1579 352 quos
1594 298 1790 341 Naberus

235 366 279 407 in
310 366 444 421 primo
472 366 769 420 Mnemosyncs
797 365 1009 408 volumine
1040 364 1204 418 edidit).
1261 365 1373 408 Nam
1412 379 1506 408 cum
1543 366 1669 408 tertia
1698 380 1789 421 per-

236 446 340 474 sona
369 433 547 487 pluralis
574 433 618 473 in
638 448 710 481 ντι,
742 448 805 471 τοι
824 433 1039 485 articulus,
1069 433 1289 484 δυναμίων,
1319 431 1472 482 πόλιος,
1502 433 1614 474 aliae
1629 433 1789 475 similes

234 500 406 553 formae,
436 499 535 539 ποτ-ί
558 499 831 555 praepositio,
860 500 1075 555 genitivus
1103 500 1279 556 pluralis
1304 500 1466 556 primae
1494 500 1790 543 declinationis

235 569 302 616 ἄν,
335 567 612 621 imperativus
641 564 793 607 ἐόντων
823 572 992 610 servata
1022 568 1106 610 sint
1134 571 1406 621 (quamquam
1422 581 1476 610 ne
1498 568 1604 610 haec
1621 567 1790 621 quidem

234 634 326 677 sine
364 633 509 689 aliqua
547 633 790 677 differentia
828 638 874 677 ut
908 635 952 677 in
990 635 1111 677 titulo
1147 647 1295 689 parum
1336 636 1487 689 certo),
1524 634 1791 677 accusativus

234 702 411 757 pluralis
438 703 482 744 in
514 718 602 752 ους,
635 703 849 757 genitivus
880 703 1105 757 singularis
1129 704 1173 744 in
1204 718 1272 755 ov,
1302 702 1535 744 infinitivus
1565 703 1609 744 in
1636 717 1691 742 ειν
1720 702 1790 744 de-

235 770 337 811 sinit
373 773 415 812 et
454 770 507 817 εἰς
546 774 587 812 et
623 775 764 823 πορεῖα
801 783 876 825 pro
913 769 952 817 ἐς
991 770 1086 821 (ἐνς)
1123 774 1164 812 et
1201 766 1351 822 πορήϊα
1386 768 1627 811 succedunt.
1684 769 1790 811 Inde

236 850 331 878 cum
360 837 479 890 sequi
508 837 705 879 videatur
734 837 778 878 in
808 837 876 879 his
907 837 1030 879 rebus
1067 837 1246 879 cessisse
1275 836 1478 879 Doridem
1507 836 1673 891 vulgari
1702 836 1790 878 dia-

235 904 365 956 lecto,
405 903 594 946 eiusdem
636 904 837 959 temporis
874 904 958 947 duo
994 904 1106 946 tituli
1143 908 1240 946 sunt
1274 916 1422 946 severa
1449 903 1609 946 Doride
1645 903 1790 959 scripti

235 975 278 1013 et
320 971 529 1013 recentior
567 971 739 1025 quidem
783 971 994 1013 severiore
1023 971 1125 1022 (Mn.
1154 972 1208 1013 II.
1248 976 1290 1013 et
1330 972 1406 1013 III.
1466 971 1517 1013 cf.
1552 972 1707 1014 Naber.
1748 971 1791 1013 in

234 1038 388 1079 Mnem.
420 1038 513 1079 Vol.
544 1038 584 1091 I,
615 1052 655 1092 p.
698 1040 797 1087 116).
856 1038 969 1079 Nam
999 1038 1042 1079 in
1073 1042 1249 1091 utroque
1277 1038 1491 1091 genitivus
1517 1038 1560 1079 in
1593 1054 1638 1087 ω,
1671 1051 1791 1080 accu-

238 1105 400 1147 sativus
439 1105 482 1146 in
521 1121 584 1154 ος,
624 1105 860 1147 infinitivus
889 1105 933 1147 in
963 1120 1003 1144 ev
1029 1105 1207 1158 desinit,
1243 1104 1301 1154 ἔς,
1334 1096 1451 1157 ἦμεν,
1489 1104 1616 1157 θέμεν
1652 1119 1792 1148 occur-

236 1175 353 1225 runt;
392 1172 436 1213 in
467 1172 605 1226 priore
631 1172 786 1214 deinde
816 1172 938 1213 titulo
969 1172 1459 1226 (Hierapytnio-Lyttio)
1490 1170 1685 1223 εὖορκῶσι
1714 1172 1787 1214 da-

234 1239 360 1292 tivus,
388 1236 652 1293 ἒχφερέσθαι,
685 1238 729 1278 αῖ
754 1239 973 1294 reperitur,
1002 1239 1046 1281 in
1074 1239 1207 1282 altero
1226 1239 1792 1295 (Hierapytnio-Magnesio)

234 1307 361 1361 paulo
390 1307 608 1348 severiore
644 1307 917 1360 (quamquam
951 1308 987 1346 εἴ
1010 1307 1220 1361 particula
1248 1320 1324 1361 pro
1355 1307 1399 1345 αι’
1424 1320 1601 1361 arguere
1628 1307 1795 1349 videtur

233 1373 459 1416 artificiose
498 1378 540 1416 et
578 1387 631 1417 ex
672 1377 784 1417 certo
821 1374 997 1417 consilio
1032 1374 1198 1416 titulum
1228 1373 1457 1417 vetustiore
1484 1373 1667 1417 dialecto
1696 1375 1794 1417 scri-

233 1444 351 1495 ptum
381 1442 491 1493 esse)
530 1441 737 1483 accedunt
776 1442 945 1484 formae
985 1439 1317 1493 ἅποστηλάντων,
1351 1439 1444 1480 πόλι
1479 1442 1541 1494 (in
1566 1442 1628 1484 tit.
1646 1442 1793 1485 Hiera-

233 1508 560 1562 pytnio-Lyttio
596 1505 707 1547 πόλει
742 1513 783 1551 et
828 1506 1032 1560 πόλεσιν),
1085 1505 1185 1560 πάρ,
1234 1505 1446 1556 ἄξιώντων
1484 1512 1526 1551 et
1560 1506 1790 1559 ἕπεστάῖον,

236 1575 411 1627 οῗκῆίως,
442 1573 721 1628 πρυτανήΐον,
755 1574 877 1630 ιάρῴ,
907 1574 1210 1628 Ἶαραπυτνίων.
1269 1575 1383 1618 Satis
1409 1576 1538 1630 igitur
1570 1580 1692 1618 notas
1719 1576 1796 1618 has

234 1654 380 1684 omnes
410 1641 567 1684 formas
604 1642 738 1685 etiam
780 1647 867 1685 tum
904 1643 1034 1685 fuisse
1073 1646 1274 1698 apparet,
1321 1656 1416 1685 cum
1453 1643 1613 1698 primus
1648 1643 1793 1685 titulus

233 1710 557 1765 (Hierapytnio-
575 1710 785 1762 Rhodius)
816 1711 997 1765 scriptus
1027 1714 1101 1753 est.
1159 1710 1262 1753 Eius
1297 1711 1358 1753 rei
1396 1711 1526 1753 etiam
1553 1711 1690 1753 maius
1720 1711 1790 1753 do-

235 1780 474 1819 cumentum
505 1781 645 1819 exstat
673 1778 718 1819 in
745 1778 865 1820 titulo
897 1778 998 1819 anni
1027 1779 1078 1818 58
1115 1778 1183 1820 vel
1221 1780 1272 1818 57
1312 1782 1411 1820 ante
1439 1778 1535 1821 Chr.
1561 1792 1601 1819 n.
1629 1778 1794 1827 (Hiera-

232 1844 475 1900 pytniorum
507 1844 576 1886 vel
604 1845 880 1899 Itaniorum),
919 1846 1037 1889 cuius
1064 1845 1228 1899 reliqua
1258 1858 1357 1900 pars
1394 1858 1488 1887 cum
1517 1845 1684 1900 vulgari
1710 1858 1793 1888 ser-

232 1924 356 1953 mone
385 1911 545 1966 seripta
573 1912 650 1965 sit,
681 1913 725 1953 in
760 1912 953 1955 versibus
984 1912 1084 1955 inde
1114 1926 1141 1954 a
1168 1926 1206 1954 v.
1238 1913 1290 1952 58
1320 1925 1453 1966 usque
1482 1912 1538 1953 ad
1569 1926 1608 1954 v.
1638 1913 1689 1952 67
1722 1916 1793 1962 (ex

232 1982 375 2022 vetere
404 1978 657 2022 documento
688 1984 733 2022 ut
753 1979 921 2023 videtur
940 1979 1191 2036 desumptis)
1213 1979 1340 2023 Doris
1357 1983 1519 2035 regnat.
1575 1980 1624 2022 In
1640 1979 1793 2034 quibus

232 2050 375 2088 tamen
405 2046 523 2088 nulla
551 2047 787 2090 mutatione
817 2061 923 2103 opus
950 2047 1051 2101 fuit,
1090 2051 1136 2089 ut
1164 2051 1371 2102 appareat
1406 2048 1461 2090 ab
1490 2048 1684 2090 omnibus
1721 2061 1794 2090 eos

231 2113 468 2157 intellectos
512 2127 617 2157 esse.
675 2114 878 2169 Idemque
907 2115 1041 2157 titulis
1069 2118 1307 2170 postremae
1333 2115 1487 2158 aetatis
1512 2115 1725 2170 probatur,
1750 2115 1793 2158 in

231 2181 383 2235 quibus
418 2196 444 2219 α
475 2181 679 2224 Doricum
723 2182 926 2224 remansit
961 2182 1005 2223 in
1043 2182 1231 2224 formulis
1259 2183 1508 2236 praesertim
1535 2186 1578 2224 et
1604 2182 1649 2224 in
1678 2183 1795 2225 insti-

231 2247 332 2290 tutis
366 2251 408 2290 et
444 2248 687 2291 nominibus
727 2248 932 2303 propriis,
967 2248 1083 2291 velut
1112 2247 1137 2286 οἱ
1167 2246 1284 2295 πόλις
1312 2249 1355 2292 C.
1391 2249 1422 2290 I.
1450 2250 1567 2291 2585.
1606 2253 1649 2292 et
1679 2250 1794 2305 apud

230 2314 477 2358 Thenonem
519 2315 565 2357 in
603 2315 707 2358 Rev.
748 2315 861 2358 arch.
895 2316 1010 2357 1867.
1040 2316 1073 2358 I.
1104 2329 1144 2371 p.
1174 2317 1265 2357 418.
1300 2312 1437 2364 πάσας
1464 2316 1509 2359 C.
1537 2316 1569 2358 Ι.
1596 2318 1721 2370 2597,
1768 2319 1793 2358 2

230 2383 308 2435 (Sic
327 2383 545 2437 Gruterus,
578 2383 653 2425 alii
686 2380 854 2436 πάσης),
886 2380 1115 2437 ἁγιωτάτας
1145 2382 1460 2438 καταφθιμένας
1478 2383 1523 2428 C.
1542 2384 1574 2426 I.
1599 2385 1728 2439 2569,
1756 2387 1794 2439 9,

230 2447 479 2504 Σαμαγόρας
510 2451 554 2493 O.
584 2451 617 2492 Ι.
647 2451 767 2505 2562,
795 2453 841 2505 6,
881 2451 1051 2494 πολίτας
1079 2451 1124 2492 in
1150 2451 1213 2492 tit.
1245 2452 1449 2506 Gortynio
1478 2452 1522 2493 in
1547 2452 1649 2494 Rev.
1680 2453 1793 2495 arch.

233 2518 349 2559 1868.
376 2518 430 2561 II.
460 2531 501 2573 p.
532 2520 620 2572 154,
649 2519 782 2571 Λαμᾶ
812 2519 857 2562 C.
878 2519 910 2561 I.
940 2520 1059 2573 2562,
1089 2519 1153 2572 25,
1185 2515 1385 2559 Ὀνασίων
1417 2515 1662 2568 Ὀνασίωνος
1693 2520 1738 2564 C.
1763 2521 1794 2565 1,

232 2586 350 2637 2562,
381 2586 458 2638 26,
497 2583 654 2638 Εἰρήνα
691 2587 807 2641 apud
840 2587 1075 2642 Sprattium
1113 2586 1307 2637 (Travels
1346 2586 1434 2628 and
1460 2587 1720 2631 Researches
1749 2588 1793 2630 in

232 2651 356 2695 Crete
384 2652 470 2695 tab.
493 2653 527 2706 I,
553 2654 590 2695 2.
617 2653 644 2695 l.
668 2656 721 2705 1).
778 2654 1004 2699 Genitivus
1032 2653 1359 2697 masculinorum
1385 2654 1601 2697 nominum
1628 2655 1792 2711 primae

231 2719 530 2763 declinationis
546 2734 713 2776 semper
730 2723 817 2765 exit
835 2724 880 2766 in
908 2738 955 2765 a:
985 2723 1117 2775 Δαμᾶ
1149 2722 1246 2765 O.1.
1268 2723 1387 2775 2562,
1422 2723 1487 2777 25,
1518 2721 1661 2777 Νέρβα
1689 2723 1732 2767 C.
1760 2724 1791 2767 Ι.

232 2788 353 2831 2572.
385 2789 423 2829 2.
462 2788 589 2842 2573,
618 2790 655 2830 2.
705 2788 928 2843 Κωμάστα
957 2791 1002 2834 C.
1030 2791 1061 2834 I.
1098 2791 1216 2832 2572.
1267 2790 1522 2842 Κλευμενίδα
1552 2791 1598 2833 G.
1627 2791 1660 2834 Ι.
1689 2792 1793 2832 2573

232 2855 379 2908 (semel
417 2855 696 2907 Κλευμενίδου
735 2858 850 2913 apud
890 2858 1125 2914 Sprattium
1154 2858 1197 2912 1,
1227 2859 1263 2900 9.
1301 2858 1326 2900 1.
1360 2858 1452 2912 12),
1497 2847 1792 2913 Παντανδρίδα
